1846 3052
132 155 165 208 98
212 160 241 205 Ρ.
256 156 396 205 vntum
408 154 489 202 Meu.
505 156 791 204 GEORG10.L13.IV.

132 259 192 324 Sed,
206 258 301 312 modus
311 256 403 311 orandi
416 256 463 327 qui
473 257 516 321 sit,
528 255 603 327 prius
613 255 706 311 ordine
714 256 809 312 dicam.

131 333 249 399 Ouatuor
256 332 369 386 eximios
380 331 521 402 praestanti
530 347 637 401 corpore
647 339 747 397 tauros,

132 408 179 478 qui
192 407 239 461 tibi
250 404 322 461 nuno
332 406 425 460 viridis
435 407 579 478 depascunt
588 423 695 459 summa
705 406 806 481 Lycaei,

78 488 116 535 alu
131 482 226 554 delige,
238 489 264 536 et
273 482 367 536 intaeta
378 479 485 534 totidem
495 480 594 534 cervice
604 480 739 536 iuvencas.

133 556 251 623 Quatuor
259 556 302 610 his
312 572 370 609 aras
379 554 430 609 alta
441 554 474 608 ad
484 553 593 608 delubra
603 555 714 609 dearum

131 631 269 696 constitue,
282 637 307 684 et
316 646 421 683 sacrum
431 628 532 757 lupulis
542 629 648 684 demitte
657 646 789 698 cruorem3

132 722 294 777 corporaque
304 705 360 776 ipsa
370 704 451 759 boum
474 703 585 758 rondoso
597 703 766 759 desereluoo.

132 781 202 844 Post,
214 781 261 834 ubi
271 795 339 834 nona
349 796 412 832 suos
422 779 523 832 Aurora
532 778 674 832 ostenderit
682 786 765 845 ortus,

79 860 118 908 als
132 853 238 909 inferias
247 853 345 925 Orphei
356 854 467 908 Lethaea
476 870 606 925 papavera
615 853 713 918 mittes,

132 935 158 983 et
168 929 272 1001 nigram
282 927 409 982 mactabis
418 945 504 991 ovem,
518 927 661 998 lucumque
671 929 779 983 revises.

135 1001 273 1078 [Placatam
283 1002 433 1076 Eurydicen
443 1001 527 1057 vitula
537 1003 694 1057 venerabere
703 999 797 1077 caesa]

172 1077 248 1132 llaud
258 1093 344 1142 mora;
366 1077 490 1132 continuo
502 1077 594 1131 matris
605 1086 739 1148 praecepta
749 1077 810 1133 faoes

133 1152 174 1207 Ad
183 1150 292 1206 delubra
302 1152 387 1206 venit:
409 1159 566 1207 monstratas
576 1152 671 1207 excitat
680 1170 752 1219 aras,

80 1237 118 1280 550
132 1233 245 1298 quatuor
253 1226 364 1281 eximios
375 1226 632 1298 praestantirorporo
641 1233 730 1281 tauros

134 1302 214 1367 ducit,
227 1308 252 1356 et
262 1301 356 1356 intacta
369 1302 475 1355 totidem
484 1301 583 1356 cervice
593 1301 728 1356 iuvencas.

133 1377 203 1439 Post,
216 1376 262 1430 ubi
275 1393 343 1431 nona
353 1393 416 1430 suos
425 1375 526 1431 Aurora
536 1375 676 1430 induxerat
686 1383 770 1442 ortus,

135 1449 242 1504 inferias
251 1449 348 1520 Orphei
359 1450 447 1515 mittit,
460 1450 604 1521 lucumque
612 1450 713 1506 revisit.

134 1525 181 1579 Hic
190 1542 251 1579 vero
261 1524 380 1579 subitum
391 1541 421 1578 ao
430 1525 502 1579 dictu
514 1524 635 1579 mirabile
645 1533 795 1582 monstrum

81 1610 118 1652 555
133 1597 291 1670 adspiciunt,
303 1597 441 1670 liquefacta
451 1600 532 1654 boum
543 1600 696 1670 perviscera
707 1606 761 1654 toto

134 1673 242 1727 stridere
251 1689 313 1742 apes
322 1680 404 1737 utero,
417 1679 442 1727 et
450 1674 536 1745 ruptis
546 1673 668 1729 effervere
679 1675 773 1741 costis;

135 1747 333 1818 immensasque
343 1747 410 1801 trahi
421 1748 519 1818 nubes3
543 1749 647 1819 iamque
656 1747 749 1804 arbore
758 1764 810 1803 surr

134 1819 273 1885 oonlluere,
284 1827 309 1874 et
319 1820 397 1876 lentis
407 1840 487 1878 uvam
497 1823 631 1878 demittere
640 1824 731 1879 ramis.

173 1897 242 1950 llaec
250 1911 331 1966 super
343 1913 466 1952 arvorum
476 1897 547 1952 cultu
556 1910 734 1969 pecorumque
742 1896 810 1953 canei

81 1980 120 2024 tto
134 1978 160 2025 et
168 1988 249 2040 super
258 1971 410 2027 arboribus:
432 1973 527 2028 Caesar
536 1973 601 2026 dum
612 1989 726 2045 magnus
736 1972 769 2026 ad
779 1972 810 2026 alt

134 2044 260 2100 fulminat
270 2045 420 2117 Euphraten
431 2046 510 2113 bello,
524 2047 658 2118 victorque
671 2046 788 2102 volentes

135 2136 182 2191 per
191 2119 303 2192 populos
312 2122 358 2176 dat
367 2122 433 2188 iura,
446 2122 571 2193 viamque
581 2121 680 2176 affectat
689 2120 810 2196 Olympo

136 2195 185 2250 lllo
194 2194 337 2268 Virgilium
347 2214 389 2251 me
400 2203 515 2269 tempore
524 2196 610 2251 dulcis
619 2195 705 2250 alebat

135 2270 306 2342 Parthenope,
318 2271 413 2326 studiis
424 2270 556 2326 florentem
567 2267 756 2343 ignobilis'oti:

82 2353 121 2398 555
134 2344 252 2399 earmina
264 2346 313 2417 qui
323 2344 375 2400 lu‘si
384 2354 529 2418 pastorum,
540 2346 681 2417 audaxque
690 2344 805 2410 iuventa,

138 2419 235 2494 Tityre,
246 2426 272 2475 te
281 2420 384 2492 patulae
394 2421 476 2476 oecini
485 2421 537 2476 sub
547 2420 661 2495 tegmine
670 2418 734 2494 lagi.

401 2569 627 2599 -Φθὸοωι-
