1846 3052
178 124 376 172 nuunluos
395 126 468 172 mn.
487 127 519 171 u,
672 121 721 175 {33

94 229 107 280 t
119 224 251 297 extemplo
263 256 301 267 -
312 242 400 298 neque
411 224 487 354 eninln³
496 243 621 298 responsa
635 225 682 280 da-

489 307 567 355 antur

94 390 152 427 s-
160 373 244 429 sensit
255 373 355 428 medios
365 373 489 445 delapsus
501 375 527 429 in
539 375 635 430 hostes.

94 447 130 513 eit,
143 456 264 520 retroque
272 448 367 520 pedem
376 465 439 503 cum
448 465 512 505 voce
522 449 654 520 repressit.

94 539 155 577 sum
164 524 249 593 aspris
259 523 339 578 veluti
352 523 400 596 qui
411 523 530 578 sentibus
540 541 655 596 anguem

94 597 159 651 cumi
169 597 264 666 nitens,
278 598 449 669 trepidusque
458 605 563 669 repente
572 597 668 672 refugit
736 609 775 652 380

95 688 137 726 em
147 672 200 726 iras
208 679 234 727 et
242 674 345 727 caerula
353 672 419 727 colla
432 680 590 727 tumentem:

94 762 136 800 tus
146 746 300 820 Achcs
310 747 370 802 visu
379 745 544 801 tremefactus
553 746 663 802 abibat..

95 838 118 885 s,
131 819 221 875 densis
231 829 255 876 et
265 820 504 877 circumfundimur
514 822 608 888 arinis;

95 911 139 966 {ue
149 895 197 950 loci
207 896 307 967 passim
318 904 343 950 et
353 895 492 951 formidine
501 904 589 967 captos

95 987 136 1038 us;
158 969 274 1042 adspirat
282 971 369 1041 primo
378 969 482 1025 fortuna
491 969 584 1025 labori.
737 982 776 1026 385

94 1045 118 1098 ic
126 1061 250 1099 successu
259 1044 396 1099 exsutitans
405 1045 555 1116 animisque
564 1046 710 1102 Coroebus:

96 1135 150 1191 qua
159 1119 254 1190 prima,
268 1118 365 1190 inquit,
376 1120 491 1174 Fortuna
502 1119 595 1174 salutis

96 1194 172 1258 titan,
181 1211 287 1265 quaque
296 1193 719 1265 osunditsedextrnsequamur:

95 1268 230 1339 eclipses,
245 1270 418 1341 Danaumque
428 1268 543 1341 insignia
553 1267 629 1323 nubis

95 1360 111 1398 ι.
131 1343 221 1410 Dolus,
233 1361 267 1398 an
275 1344 370 1409 virtus,
382 1343 444 1415 quis
454 1344 481 1397 in
493 1344 567 1398 hoste
576 1341 710 1414 requirat?
738 1353 777 1396 390

95 1418 171 1473 abunt
180 1417 242 1489 ipsi.
263 1417 305 1472 Sic
314 1416 393 1482 fatus,
405 1417 499 1472 deinde
508 1425 656 1472 comantem

95 1492 112 1547 ei
121 1491 234 1566 galeam,
245 1492 376 1564 clipeique
384 1493 488 1566 insigne
497 1492 619 1547 decorum

95 1585 108 1631 ·,
122 1567 249 1639 laterique
257 1566 388 1640 Argivum
398 1567 576 1622 accommodat
585 1584 686 1622 ensem.

95 1654 169 1713 pens,
181 1641 231 1696 hoc
240 1642 297 1713 ipse
306 1643 414 1728 Dymas,
425 1643 565 1714 omnisque
574 1642 699 1698 iuventus

96 1716 130 1784 it;
152 1715 245 1788 spoliis
252 1733 407 1789 ³scquisquc
417 1717 564 1772 recentibus
574 1724 664 1772 armat.
739 1727 778 1770 395

95 1808 108 1845 s
118 1790 235 1846 immixti
245 1791 342 1847 Danais
351 1791 422 1846 haud
434 1792 544 1846 numine
554 1799 651 1854 nostre.

95 1881 116 1919 te
126 1881 173 1936 per
182 1881 284 1919 caecam
294 1866 427 1939 congressi
437 1865 534 1937 proelia
543 1874 644 1920 noctem

95 1957 157 2007 nus3
180 1939 277 1994 multos
287 1942 406 1994 Danaum
416 1940 580 1995 demittimus
590 1939 666 1996 Omo.

98 2020 128 2069 nt
135 2013 181 2069 aiii
191 2014 224 2068 ad
234 2032 325 2080 naves,
337 2022 362 2069 ct
372 2015 446 2069 litora
455 2032 536 2069 cursu

95 2097 147 2157 tnt3
169 2105 230 2160 pars
240 2089 373 2161 ingentem
383 2088 523 2143 formidine
532 2087 603 2159 turpi
739 2095 778 2143 tto

95 2171 110 2219 t
119 2179 214 2218 rursus
224 2180 334 2235 equum,
345 2171 371 2218 et
380 2171 440 2220 nota
449 2162 599 2218 conduntur
608 2161 636 2218 in
646 2161 714 2218 alvo.

96 2237 113 2293 il
123 2238 215 2293 invitis
225 2236 264 2292 ias
273 2256 436 2310 quemquam
448 2237 528 2292 fidere
536 2236 620 2292 divisi

95 2311 244 2368 trahebatur
254 2313 339 2383 passis
349 2313 478 2368 Priameia
489 2312 564 2384 virgo
615 2310 618 2315 ’

96 2408 98 2439 ι
109 2405 125 2442 a
135 2385 234 2458 templo
245 2387 392 2443 Cassandra
401 2387 540 2461 adytisque
548 2387 702 2453 Minervae,-

98 2462 246 2518 mtendens
257 2463 372 2517 ardentia
383 2461 485 2517 lumina
493 2460 599 2526 frustra,
741 2467 779 2513 tus
870 2522 875 2535 ⁴

96 2554 181 2623 ¹nam
190 2544 292 2624 teneras
302 2537 423 2624 arcetennt
431 2535 537 2594 vincula
545 2536 678 2607 palmam
730 2544 786 2637 Q

96 2610 675 2685 thancspecieminnatamenteecscenus,
760 2636 777 2657 x
