1846 3052
133 154 166 209 ὅθ
294 157 326 204 P.
345 155 706 204 v1Ro1u11MAnoms

131 259 166 316 At
174 257 269 330 liquidi
278 255 361 311 fontes
371 263 495 330 etstagne
504 255 614 313 virentia
623 272 717 312 musco

132 334 228 398 adsint,
242 340 266 386 et
275 334 371 395 tenuis,
383 331 488 405 fugiens
495 349 542 403 per
551 332 680 405 gramine,
695 332 786 402 rivus3

78 421 104 465 20
131 408 273 481 palmaque
280 406 441 461 vestibulum
452 414 497 461 aut
506 407 600 480 iugens
609 405 719 461 oleaster
729 407 830 464 inumlu

132 489 171 545 ut,
183 499 267 554 quum
277 482 363 553 prime
373 482 435 535 noui
445 481 541 534 ducent
551 481 674 536 examine
683 498 759 555 reges

133 574 194 611 vere
204 573 261 621 suo,
273 555 397 627 ludetque
406 554 473 610 lavis
482 555 579 609 emissa
588 556 722 623 iuventus,

133 631 220 688 vicine
231 630 323 686 invitet
332 629 455 684 decedere
464 630 520 700 ripe
529 628 617 695 celeri,

134 703 778 777 obviaquebospitiisteneatlrondentibuseibos.

81 793 106 836 25
134 780 302 844 lnmedium,
313 796 361 833 seu
370 778 449 832 stabit
459 779 539 842 iners,
549 796 596 833 seu
606 778 718 850 profluet
726 780 830 846 humor,

135 863 297 910 transversas
307 853 399 907 salices
409 860 433 906 et
442 852 552 926 grandia
561 854 659 907 coniice
668 871 747 909 saxa:

135 928 260 1002 pontibus
268 935 299 981 ut
307 928 405 981 crebris
415 927 516 998 possint
525 928 673 992 consistere,
684 935 711 982 et
720 928 775 983 ales

136 1002 250 1076 pendere
263 1000 434 1056 edeestivum
444 1001 539 1069 solem;
561 1003 584 1056 si
594 1001 657 1056 forte
667 1010 800 1056 morantes

137 1077 260 1148 sparserit
270 1084 315 1130 eut
323 1093 445 1148 praeceps
455 1079 577 1148 Neptuno
587 1077 746 1132 immerserit
755 1078 830 1132 Eurus

84 1164 109 1208 tt
136 1154 205 1207 llaec
213 1151 312 1205 circum
322 1151 406 1205 casiae
415 1151 520 1216 virides,
534 1159 559 1206 et
568 1151 662 1206 olentia
672 1151 723 1206 late

138 1225 261 1300 serpylla,
273 1234 299 1281 et
306 1227 420 1300 graviter
431 1226 555 1296 spirantis
564 1226 637 1298 copie
646 1226 788 1300 thymbrae

138 1302 235 1367 floreat,
247 1301 432 1375 inriguumque
441 1301 533 1355 hibent
540 1300 649 1356 violaris
657 1300 764 1356 fontem.

139 1378 199 1448 Ipse
208 1383 304 1441 autem,
316 1394 364 1431 seu
372 1375 513 1430 corticibus
522 1375 570 1430 tibi
582 1383 641 1430 suta
649 1376 757 1442 cevatis,

140 1469 186 1506 seu
198 1450 267 1506 lento
275 1449 372 1505 fuerint
381 1449 492 1506 alvearia
501 1450 601 1506 vimine
608 1457 688 1515 texte,

86 1537 112 1581 35
140 1524 496 1598 angustoshebeentaditus.
515 1523 624 1580 Nemln'
644 1520 778 1578 cremella

140 1600 209 1672 cogit
220 1598 315 1664 hiems,
326 1600 470 1670 eademque
478 1599 548 1654 calor
557 1599 597 1672 liq
641 1607 697 1653 acte
705 1598 825 1653 remittit.

140 1673 515 1744 Utraquevisepibusperiter
523 1674 675 1742 metuenda3
697 1689 785 1745 neque
794 1670 830 1726 itu

142 1746 322 1818 nequidquam
332 1748 361 1801 iu
370 1749 443 1801 tectis
451 1748 569 1804 certatim
577 1748 667 1803 tenuia
677 1764 736 1802 cere

142 1822 300 1894 spiramenta
311 1820 407 1886 linunt,
418 1821 530 1895 fucoque
539 1831 564 1878 et
572 1822 681 1877 floribus
689 1839 751 1877 ores

88 1906 114 1952 to
142 1894 256 1967 explent,
268 1895 458 1968 collectumque
466 1898 531 1953 haee
539 1897 759 1969 ipsaedmuuere
769 1895 830 1970 glut

142 1978 168 2026 et
176 1971 248 2026 visco
257 1979 283 2025 et
291 1971 421 2044 Phrygiae
430 1981 536 2029 seruant
544 1974 602 2044 pice
610 1972 707 2027 leutius
719 1972 790 2027 Idne.

143 2046 224 2118 Saepe
233 2047 311 2101 etiem
321 2047 431 2112 effossis,
443 2048 466 2101 si
477 2065 538 2102 vera
547 2055 586 2102 ost
595 2046 672 2113 lama,
685 2046 792 2101 latebris

144 2122 195 2175 sub
207 2128 274 2176 terre
284 2120 370 2176 lovere
380 2121 471 2187 larem,
482 2123 640 2194 penitusque
649 2129 767 2193 repertae

145 2196 351 2268 pumicibusque
358 2197 440 2263 cavis,
451 2214 595 2269 exesaeque
605 2196 707 2251 arboris
715 2203 802 2251 antro.

91 2277 117 2324 tt
145 2271 184 2323 Tu
195 2276 281 2324 temen
294 2279 319 2325 et
328 2271 379 2325 levi
389 2272 486 2327 rimosa
495 2271 592 2327 cubilia
603 2270 668 2326 limo

146 2361 217 2416 unge
226 2343 317 2400 fovens
326 2346 435 2412 circum,
447 2354 472 2402 et
481 2365 552 2402 raras
565 2364 645 2418 super
653 2345 730 2400 iniice
739 2343 830 2399 fronde

147 2420 203 2473 Neu
212 2420 323 2490 propius
332 2421 405 2475 tectis
415 2430 506 2477 tenum
517 2424 582 2486 sine,
593 2438 659 2476 neve
670 2421 794 2474 rubentes

147 2510 195 2547 ure
203 2492 259 2547 foco
267 2511 387 2563 ceneros3
408 2495 475 2553 eltae
485 2496 621 2553 neucrede
631 2495 732 2567 paludi,

148 2574 193 2622 eut
202 2568 248 2622 ubi
257 2567 321 2624 odor
329 2571 401 2625 coeni
412 2573 511 2645 grauis,
524 2581 571 2628 aut
578 2571 624 2625 ubi
635 2587 747 2624 concava
756 2569 830 2640 pulsu

81 2655 110 2698 ec
140 2663 206 2702 seue
218 2652 326 2716 sonent,
340 2647 469 2723 uocisque
477 2645 796 2716 ollensureeultetimeqo.
