<?xml version="1.0" encoding="UTF-8"?>
<!DOCTYPE html PUBLIC "-//W3C//DTD XHTML 1.0 Transitional//EN"
    "http://www.w3.org/TR/xhtml1/DTD/xhtml1-transitional.dtd">
<html xmlns="http://www.w3.org/1999/xhtml" xml:lang="en" lang="en">
 <head>
  <title>
</title>
<meta http-equiv="Content-Type" content="text/html;charset=utf-8" />
  <meta name='ocr-system' content='tesseract 3.04.00' />
  <meta name='ocr-capabilities' content='ocr_page ocr_carea ocr_par ocr_line ocrx_word'/>
</head>
<body>
  <div class='ocr_page' id='page_1' title='image "./publivergilimar00virggoog/publivergilimar00virggoog_0213.png"; bbox 0 0 1846 3052; ppageno 0'>
   <div class='ocr_carea' id='block_1_1' title="bbox 146 154 720 209">
    <p class='ocr_par' dir='ltr' id='par_1_1' title="bbox 146 154 720 209">
     <span class='ocr_line' id='line_1_1' title="bbox 146 154 720 209; baseline -0.01 0"><span class='ocrx_word' id='word_1_1' title='bbox 146 154 194 209; x_wconf 76' lang='lat' dir='ltr'><strong>l9l</strong></span> <span class='ocrx_word' id='word_1_2' title='bbox 310 160 338 206; x_wconf 90' lang='lat' dir='ltr'><strong>P.</strong></span> <span class='ocrx_word' id='word_1_3' title='bbox 358 157 528 206; x_wconf 80' lang='lat' dir='ltr'>VIRGILII</span> <span class='ocrx_word' id='word_1_4' title='bbox 545 156 720 206; x_wconf 73' lang='lat' dir='ltr'>MARONIS</span> 
     </span>
    </p>
   </div>
   <div class='ocr_carea' id='block_1_2' title="bbox 90 257 820 2656">
    <p class='ocr_par' dir='ltr' id='par_1_2' title="bbox 144 257 792 484">
     <span class='ocr_line' id='line_1_2' title="bbox 144 257 792 317; baseline -0.008 0"><span class='ocrx_word' id='word_1_5' title='bbox 144 259 303 317; x_wconf 87' lang='lat' dir='ltr'><strong>iamdudum</strong></span> <span class='ocrx_word' id='word_1_6' title='bbox 312 267 337 315; x_wconf 91' lang='lat' dir='ltr'><strong>et</strong></span> <span class='ocrx_word' id='word_1_7' title='bbox 346 258 443 316; x_wconf 86' lang='lat' dir='ltr'><strong>frustra</strong></span> <span class='ocrx_word' id='word_1_8' title='bbox 453 257 681 313; x_wconf 83' lang='lat' dir='ltr'><strong>cernntetendere</strong></span> <span class='ocrx_word' id='word_1_9' title='bbox 689 264 792 313; x_wconf 80' lang='lat' dir='ltr'><strong>contre.</strong></span> 
     </span>
     <span class='ocr_line' id='line_1_3' title="bbox 145 331 781 406; baseline -0.009 -14"><span class='ocrx_word' id='word_1_10' title='bbox 145 337 230 392; x_wconf 78' lang='lat' dir='ltr'>Flecte</span> <span class='ocrx_word' id='word_1_11' title='bbox 240 337 313 392; x_wconf 86' lang='lat' dir='ltr'><strong>viam</strong></span> <span class='ocrx_word' id='word_1_12' title='bbox 326 333 401 390; x_wconf 91' lang='lat' dir='ltr'><strong>velis.</strong></span> <span class='ocrx_word' id='word_1_13' title='bbox 431 332 473 389; x_wconf 79' lang='lat' dir='ltr'><strong>An</strong></span> <span class='ocrx_word' id='word_1_14' title='bbox 483 334 518 388; x_wconf 92' lang='lat' dir='ltr'><strong>sit</strong></span> <span class='ocrx_word' id='word_1_15' title='bbox 527 333 593 387; x_wconf 88' lang='lat' dir='ltr'><strong>mibi</strong></span> <span class='ocrx_word' id='word_1_16' title='bbox 603 332 703 406; x_wconf 78' lang='lat' dir='ltr'><strong>gratior</strong></span> <span class='ocrx_word' id='word_1_17' title='bbox 713 331 781 398; x_wconf 80' lang='lat' dir='ltr'><strong>ulla,</strong></span> 
     </span>
     <span class='ocr_line' id='line_1_4' title="bbox 144 407 772 484; baseline -0.006 -17"><span class='ocrx_word' id='word_1_18' title='bbox 144 428 232 484; x_wconf 92' lang='lat' dir='ltr'><strong>quove</strong></span> <span class='ocrx_word' id='word_1_19' title='bbox 241 411 327 483; x_wconf 82' lang='lat' dir='ltr'><strong>magis</strong></span> <span class='ocrx_word' id='word_1_20' title='bbox 338 408 421 464; x_wconf 77' lang='lat' dir='ltr'><strong>sesses</strong></span> <span class='ocrx_word' id='word_1_21' title='bbox 431 416 519 480; x_wconf 89' lang='lat' dir='ltr'><strong>optem</strong></span> <span class='ocrx_word' id='word_1_22' title='bbox 531 407 667 462; x_wconf 74' lang='lat' dir='ltr'><strong>demittere</strong></span> <span class='ocrx_word' id='word_1_23' title='bbox 677 424 772 473; x_wconf 84' lang='lat' dir='ltr'><strong>naves,</strong></span> 
     </span>
    </p>

    <p class='ocr_par' dir='ltr' id='par_1_3' title="bbox 90 482 820 840">
     <span class='ocr_line' id='line_1_5' title="bbox 90 482 820 559; baseline -0.001 -20"><span class='ocrx_word' id='word_1_24' title='bbox 90 497 116 540; x_wconf 79' lang='lat'><strong>30</strong></span> <span class='ocrx_word' id='word_1_25' title='bbox 144 504 226 559; x_wconf 89' lang='lat' dir='ltr'><strong>quam</strong></span> <span class='ocrx_word' id='word_1_26' title='bbox 236 503 305 558; x_wconf 88' lang='lat' dir='ltr'><strong>quae</strong></span> <span class='ocrx_word' id='word_1_27' title='bbox 313 484 474 540; x_wconf 88' lang='lat' dir='ltr'><strong>Dardanium</strong></span> <span class='ocrx_word' id='word_1_28' title='bbox 485 482 564 538; x_wconf 85' lang='lat' dir='ltr'><strong>tellus</strong></span> <span class='ocrx_word' id='word_1_29' title='bbox 574 482 642 537; x_wconf 91' lang='lat' dir='ltr'><strong>mihi</strong></span> <span class='ocrx_word' id='word_1_30' title='bbox 654 483 820 538; x_wconf 71' lang='lat' dir='ltr'><strong>servatrices</strong></span> 
     </span>
     <span class='ocr_line' id='line_1_6' title="bbox 144 557 795 634; baseline -0.006 -18"><span class='ocrx_word' id='word_1_31' title='bbox 144 569 170 617; x_wconf 90' lang='lat' dir='ltr'><strong>et</strong></span> <span class='ocrx_word' id='word_1_32' title='bbox 179 561 262 633; x_wconf 89' lang='lat' dir='ltr'><strong>patris</strong></span> <span class='ocrx_word' id='word_1_33' title='bbox 271 559 403 615; x_wconf 85' lang='lat' dir='ltr'><strong>Anchisae</strong></span> <span class='ocrx_word' id='word_1_34' title='bbox 411 558 513 634; x_wconf 79' lang='lat' dir='ltr'><strong>gremio</strong></span> <span class='ocrx_word' id='word_1_35' title='bbox 522 557 795 630; x_wconf 77' lang='lat' dir='ltr'><strong>complectitnrossa?</strong></span> 
     </span>
     <span class='ocr_line' id='line_1_7' title="bbox 144 631 800 706; baseline -0.005 -15"><span class='ocrx_word' id='word_1_36' title='bbox 144 637 213 693; x_wconf 83' lang='lat' dir='ltr'><strong>llaec</strong></span> <span class='ocrx_word' id='word_1_37' title='bbox 222 635 270 690; x_wconf 89' lang='lat' dir='ltr'><strong>ubi</strong></span> <span class='ocrx_word' id='word_1_38' title='bbox 279 635 357 696; x_wconf 81' lang='lat' dir='ltr'><strong>dicta.</strong></span> <span class='ocrx_word' id='word_1_39' title='bbox 369 640 461 706; x_wconf 90' lang='lat' dir='ltr'><strong>petunt</strong></span> <span class='ocrx_word' id='word_1_40' title='bbox 470 640 571 704; x_wconf 86' lang='lat' dir='ltr'><strong>portus,</strong></span> <span class='ocrx_word' id='word_1_41' title='bbox 584 640 609 687; x_wconf 90' lang='lat' dir='ltr'><strong>et</strong></span> <span class='ocrx_word' id='word_1_42' title='bbox 618 631 676 687; x_wconf 90' lang='lat' dir='ltr'><strong>vela</strong></span> <span class='ocrx_word' id='word_1_43' title='bbox 686 633 800 688; x_wconf 89' lang='lat' dir='ltr'><strong>secundi</strong></span> 
     </span>
     <span class='ocr_line' id='line_1_8' title="bbox 145 706 816 783; baseline -0.004 -17"><span class='ocrx_word' id='word_1_44' title='bbox 145 710 287 766; x_wconf 85' lang='lat' dir='ltr'><strong>intendunt</strong></span> <span class='ocrx_word' id='word_1_45' title='bbox 296 709 423 783; x_wconf 74' lang='lat' dir='ltr'><strong>Zephyri3</strong></span> <span class='ocrx_word' id='word_1_46' title='bbox 445 706 527 762; x_wconf 87' lang='lat' dir='ltr'><strong>fertur</strong></span> <span class='ocrx_word' id='word_1_47' title='bbox 537 708 588 761; x_wconf 89' lang='lat' dir='ltr'><strong>cita</strong></span> <span class='ocrx_word' id='word_1_48' title='bbox 596 707 702 781; x_wconf 80' lang='lat' dir='ltr'><strong>gurgite</strong></span> <span class='ocrx_word' id='word_1_49' title='bbox 711 706 816 774; x_wconf 84' lang='lat' dir='ltr'><strong>classis,</strong></span> 
     </span>
     <span class='ocr_line' id='line_1_9' title="bbox 145 782 744 840; baseline -0.005 0"><span class='ocrx_word' id='word_1_50' title='bbox 145 793 171 840; x_wconf 93' lang='lat' dir='ltr'><strong>et</strong></span> <span class='ocrx_word' id='word_1_51' title='bbox 183 785 290 840; x_wconf 84' lang='lat' dir='ltr'><strong>tandem</strong></span> <span class='ocrx_word' id='word_1_52' title='bbox 300 782 360 838; x_wconf 87' lang='lat' dir='ltr'><strong>laeti</strong></span> <span class='ocrx_word' id='word_1_53' title='bbox 370 791 446 838; x_wconf 85' lang='lat' dir='ltr'><strong>notae</strong></span> <span class='ocrx_word' id='word_1_54' title='bbox 456 782 629 838; x_wconf 82' lang='lat' dir='ltr'><strong>advertuntur</strong></span> <span class='ocrx_word' id='word_1_55' title='bbox 638 799 744 837; x_wconf 88' lang='lat' dir='ltr'><strong>arenae.</strong></span> 
     </span>
    </p>

    <p class='ocr_par' dir='ltr' id='par_1_4' title="bbox 91 857 820 1233">
     <span class='ocr_line' id='line_1_10' title="bbox 91 857 777 932; baseline 0 -20"><span class='ocrx_word' id='word_1_56' title='bbox 91 870 116 913; x_wconf 79' lang='lat'><strong>35</strong></span> <span class='ocrx_word' id='word_1_57' title='bbox 182 860 217 915; x_wconf 78' lang='lat' dir='ltr'><strong>At</strong></span> <span class='ocrx_word' id='word_1_58' title='bbox 229 857 321 932; x_wconf 86' lang='lat' dir='ltr'><strong>procul</strong></span> <span class='ocrx_word' id='word_1_59' title='bbox 331 857 434 913; x_wconf 84' lang='lat' dir='ltr'><strong>excelso</strong></span> <span class='ocrx_word' id='word_1_60' title='bbox 446 858 558 912; x_wconf 85' lang='lat' dir='ltr'><strong>miratus</strong></span> <span class='ocrx_word' id='word_1_61' title='bbox 568 857 664 912; x_wconf 89' lang='lat' dir='ltr'><strong>vertice</strong></span> <span class='ocrx_word' id='word_1_62' title='bbox 675 857 777 912; x_wconf 89' lang='lat' dir='ltr'><strong>montis</strong></span> 
     </span>
     <span class='ocr_line' id='line_1_11' title="bbox 146 931 777 1004; baseline -0.005 -14"><span class='ocrx_word' id='word_1_63' title='bbox 146 935 291 990; x_wconf 82' lang='lat' dir='ltr'><strong>adventum</strong></span> <span class='ocrx_word' id='word_1_64' title='bbox 300 933 438 1004; x_wconf 84' lang='lat' dir='ltr'><strong>sociasque</strong></span> <span class='ocrx_word' id='word_1_65' title='bbox 448 939 525 998; x_wconf 86' lang='lat' dir='ltr'><strong>rates,</strong></span> <span class='ocrx_word' id='word_1_66' title='bbox 536 932 649 986; x_wconf 87' lang='lat' dir='ltr'><strong>occurrit</strong></span> <span class='ocrx_word' id='word_1_67' title='bbox 658 931 777 998; x_wconf 82' lang='lat' dir='ltr'><strong>Acestes,</strong></span> 
     </span>
     <span class='ocr_line' id='line_1_12' title="bbox 145 1006 783 1093; baseline -0.003 -29"><span class='ocrx_word' id='word_1_68' title='bbox 145 1009 270 1064; x_wconf 87' lang='lat' dir='ltr'><strong>horridus</strong></span> <span class='ocrx_word' id='word_1_69' title='bbox 280 1009 307 1063; x_wconf 91' lang='lat' dir='ltr'><strong>in</strong></span> <span class='ocrx_word' id='word_1_70' title='bbox 322 1007 414 1062; x_wconf 84' lang='lat' dir='ltr'><strong>iaculis</strong></span> <span class='ocrx_word' id='word_1_71' title='bbox 425 1015 450 1062; x_wconf 88' lang='lat' dir='ltr'><strong>et</strong></span> <span class='ocrx_word' id='word_1_72' title='bbox 459 1006 527 1080; x_wconf 90' lang='lat' dir='ltr'><strong>pelle</strong></span> <span class='ocrx_word' id='word_1_73' title='bbox 536 1006 684 1093; x_wconf 73' lang='lat' dir='ltr'><strong>Libystidis</strong></span> <span class='ocrx_word' id='word_1_74' title='bbox 693 1023 783 1073; x_wconf 85' lang='lat' dir='ltr'><strong>ursae,</strong></span> 
     </span>
     <span class='ocr_line' id='line_1_13' title="bbox 146 1080 725 1155; baseline -0.005 -17"><span class='ocrx_word' id='word_1_75' title='bbox 146 1085 223 1140; x_wconf 81' lang='lat' dir='ltr'><strong>Troia</strong></span> <span class='ocrx_word' id='word_1_76' title='bbox 233 1083 347 1140; x_wconf 88' lang='lat' dir='ltr'><strong>Crimisn</strong></span> <span class='ocrx_word' id='word_1_77' title='bbox 358 1091 513 1155; x_wconf 84' lang='lat' dir='ltr'><strong>conceptum</strong></span> <span class='ocrx_word' id='word_1_78' title='bbox 523 1080 634 1137; x_wconf 85' lang='lat' dir='ltr'><strong>llumrne</strong></span> <span class='ocrx_word' id='word_1_79' title='bbox 641 1089 725 1136; x_wconf 87' lang='lat' dir='ltr'><strong>meter</strong></span> 
     </span>
     <span class='ocr_line' id='line_1_14' title="bbox 146 1156 820 1233; baseline -0.003 -19"><span class='ocrx_word' id='word_1_80' title='bbox 146 1177 228 1232; x_wconf 91' lang='lat' dir='ltr'><strong>quem</strong></span> <span class='ocrx_word' id='word_1_81' title='bbox 237 1159 471 1233; x_wconf 79' lang='lat' dir='ltr'><strong>genuitlleterum</strong></span> <span class='ocrx_word' id='word_1_82' title='bbox 479 1174 533 1212; x_wconf 90' lang='lat' dir='ltr'><strong>non</strong></span> <span class='ocrx_word' id='word_1_83' title='bbox 543 1157 683 1212; x_wconf 88' lang='lat' dir='ltr'><strong>immemor</strong></span> <span class='ocrx_word' id='word_1_84' title='bbox 692 1156 820 1230; x_wconf 86' lang='lat' dir='ltr'><strong>illeparor</strong></span> 
     </span>
    </p>

    <p class='ocr_par' dir='ltr' id='par_1_5' title="bbox 92 1231 782 1606">
     <span class='ocr_line' id='line_1_15' title="bbox 92 1231 702 1308; baseline -0.002 -22"><span class='ocrx_word' id='word_1_85' title='bbox 92 1241 119 1287; x_wconf 80' lang='lat' dir='ltr'><strong>lu</strong></span> <span class='ocrx_word' id='word_1_86' title='bbox 146 1242 265 1308; x_wconf 81' lang='lat' dir='ltr'><strong>gratetur</strong></span> <span class='ocrx_word' id='word_1_87' title='bbox 274 1233 391 1299; x_wconf 82' lang='lat' dir='ltr'><strong>reduces,</strong></span> <span class='ocrx_word' id='word_1_88' title='bbox 403 1240 429 1287; x_wconf 88' lang='lat' dir='ltr'><strong>et</strong></span> <span class='ocrx_word' id='word_1_89' title='bbox 437 1249 502 1306; x_wconf 80' lang='lat' dir='ltr'><strong>geza</strong></span> <span class='ocrx_word' id='word_1_90' title='bbox 513 1231 596 1287; x_wconf 87' lang='lat' dir='ltr'><strong>laetus</strong></span> <span class='ocrx_word' id='word_1_91' title='bbox 606 1232 702 1306; x_wconf 77' lang='lat' dir='ltr'><strong>agresti</strong></span> 
     </span>
     <span class='ocr_line' id='line_1_16' title="bbox 147 1306 719 1380; baseline -0.007 -16"><span class='ocrx_word' id='word_1_92' title='bbox 147 1309 254 1380; x_wconf 85' lang='lat' dir='ltr'><strong>excipit,</strong></span> <span class='ocrx_word' id='word_1_93' title='bbox 267 1325 297 1364; x_wconf 87' lang='lat' dir='ltr'><strong>ac</strong></span> <span class='ocrx_word' id='word_1_94' title='bbox 305 1307 389 1363; x_wconf 86' lang='lat' dir='ltr'><strong>fessos</strong></span> <span class='ocrx_word' id='word_1_95' title='bbox 399 1308 496 1380; x_wconf 90' lang='lat' dir='ltr'><strong>opibus</strong></span> <span class='ocrx_word' id='word_1_96' title='bbox 508 1306 608 1363; x_wconf 86' lang='lat' dir='ltr'><strong>soletur</strong></span> <span class='ocrx_word' id='word_1_97' title='bbox 616 1306 719 1362; x_wconf 88' lang='lat' dir='ltr'><strong>amicis.</strong></span> 
     </span>
     <span class='ocr_line' id='line_1_17' title="bbox 147 1380 776 1456; baseline -0.003 -17"><span class='ocrx_word' id='word_1_98' title='bbox 147 1385 252 1439; x_wconf 81' lang='lat' dir='ltr'><strong>Postera</strong></span> <span class='ocrx_word' id='word_1_99' title='bbox 263 1400 349 1456; x_wconf 90' lang='lat' dir='ltr'><strong>quum</strong></span> <span class='ocrx_word' id='word_1_100' title='bbox 359 1383 447 1455; x_wconf 89' lang='lat' dir='ltr'><strong>primo</strong></span> <span class='ocrx_word' id='word_1_101' title='bbox 456 1381 545 1438; x_wconf 85' lang='lat' dir='ltr'><strong>stelles</strong></span> <span class='ocrx_word' id='word_1_102' title='bbox 554 1381 660 1437; x_wconf 86' lang='lat' dir='ltr'><strong>Oriente</strong></span> <span class='ocrx_word' id='word_1_103' title='bbox 668 1380 776 1454; x_wconf 81' lang='lat' dir='ltr'><strong>fugarat</strong></span> 
     </span>
     <span class='ocr_line' id='line_1_18' title="bbox 148 1455 756 1524; baseline -0.007 -10"><span class='ocrx_word' id='word_1_104' title='bbox 148 1458 217 1514; x_wconf 87' lang='lat' dir='ltr'><strong>clara</strong></span> <span class='ocrx_word' id='word_1_105' title='bbox 227 1459 293 1524; x_wconf 85' lang='lat' dir='ltr'><strong>dies,</strong></span> <span class='ocrx_word' id='word_1_106' title='bbox 305 1458 390 1513; x_wconf 87' lang='lat' dir='ltr'><strong>socios</strong></span> <span class='ocrx_word' id='word_1_107' title='bbox 400 1458 428 1513; x_wconf 90' lang='lat' dir='ltr'><strong>in</strong></span> <span class='ocrx_word' id='word_1_108' title='bbox 438 1468 542 1513; x_wconf 86' lang='lat' dir='ltr'><strong>coetum</strong></span> <span class='ocrx_word' id='word_1_109' title='bbox 553 1455 627 1512; x_wconf 91' lang='lat' dir='ltr'><strong>litore</strong></span> <span class='ocrx_word' id='word_1_110' title='bbox 636 1457 670 1510; x_wconf 91' lang='lat' dir='ltr'><strong>ab</strong></span> <span class='ocrx_word' id='word_1_111' title='bbox 680 1457 756 1511; x_wconf 90' lang='lat' dir='ltr'><strong>omni</strong></span> 
     </span>
     <span class='ocr_line' id='line_1_19' title="bbox 148 1530 782 1606; baseline -0.003 -18"><span class='ocrx_word' id='word_1_112' title='bbox 148 1533 257 1588; x_wconf 80' lang='lat' dir='ltr'><strong>advocat</strong></span> <span class='ocrx_word' id='word_1_113' title='bbox 265 1533 376 1599; x_wconf 76' lang='lat' dir='ltr'><strong>Aeneas,</strong></span> <span class='ocrx_word' id='word_1_114' title='bbox 388 1532 541 1605; x_wconf 89' lang='lat' dir='ltr'><strong>tumulique</strong></span> <span class='ocrx_word' id='word_1_115' title='bbox 548 1550 582 1587; x_wconf 85' lang='lat' dir='ltr'><strong>ex</strong></span> <span class='ocrx_word' id='word_1_116' title='bbox 592 1549 687 1606; x_wconf 78' lang='lat' dir='ltr'><strong>aggere</strong></span> <span class='ocrx_word' id='word_1_117' title='bbox 697 1530 782 1586; x_wconf 87' lang='lat' dir='ltr'><strong>fatur:</strong></span> 
     </span>
    </p>

    <p class='ocr_par' dir='ltr' id='par_1_6' title="bbox 94 1605 820 1979">
     <span class='ocr_line' id='line_1_20' title="bbox 94 1605 820 1682; baseline -0.001 -21"><span class='ocrx_word' id='word_1_118' title='bbox 94 1616 120 1661; x_wconf 78' lang='lat'><strong>45</strong></span> <span class='ocrx_word' id='word_1_119' title='bbox 185 1607 348 1663; x_wconf 88' lang='lat' dir='ltr'><strong>Dardanidae</strong></span> <span class='ocrx_word' id='word_1_120' title='bbox 357 1609 457 1682; x_wconf 78' lang='lat' dir='ltr'><strong>magni,</strong></span> <span class='ocrx_word' id='word_1_121' title='bbox 468 1625 554 1682; x_wconf 79' lang='lat' dir='ltr'><strong>genus</strong></span> <span class='ocrx_word' id='word_1_122' title='bbox 564 1606 783 1680; x_wconf 83' lang='lat' dir='ltr'><strong>altoasanguine</strong></span> <span class='ocrx_word' id='word_1_123' title='bbox 792 1605 820 1660; x_wconf 96' lang='lat' dir='ltr'><strong>di</strong></span> 
     </span>
     <span class='ocr_line' id='line_1_21' title="bbox 150 1680 760 1754; baseline -0.003 -18"><span class='ocrx_word' id='word_1_124' title='bbox 150 1698 256 1736; x_wconf 87' lang='lat' dir='ltr'><strong>annuus</strong></span> <span class='ocrx_word' id='word_1_125' title='bbox 265 1683 364 1737; x_wconf 88' lang='lat' dir='ltr'><strong>exactis</strong></span> <span class='ocrx_word' id='word_1_126' title='bbox 374 1681 520 1754; x_wconf 90' lang='lat' dir='ltr'><strong>completur</strong></span> <span class='ocrx_word' id='word_1_127' title='bbox 529 1681 667 1738; x_wconf 89' lang='lat' dir='ltr'><strong>mensibus</strong></span> <span class='ocrx_word' id='word_1_128' title='bbox 677 1680 760 1747; x_wconf 82' lang='lat' dir='ltr'><strong>orbis,</strong></span> 
     </span>
     <span class='ocr_line' id='line_1_22' title="bbox 150 1754 743 1829; baseline -0.002 -18"><span class='ocrx_word' id='word_1_129' title='bbox 150 1774 184 1811; x_wconf 87' lang='lat' dir='ltr'><strong>ex</strong></span> <span class='ocrx_word' id='word_1_130' title='bbox 193 1773 248 1827; x_wconf 91' lang='lat' dir='ltr'><strong>quo</strong></span> <span class='ocrx_word' id='word_1_131' title='bbox 257 1754 393 1828; x_wconf 80' lang='lat' dir='ltr'><strong>relliquias</strong></span> <span class='ocrx_word' id='word_1_132' title='bbox 404 1756 543 1829; x_wconf 86' lang='lat' dir='ltr'><strong>divinique</strong></span> <span class='ocrx_word' id='word_1_133' title='bbox 552 1774 613 1812; x_wconf 90' lang='lat' dir='ltr'><strong>ossa</strong></span> <span class='ocrx_word' id='word_1_134' title='bbox 625 1756 743 1828; x_wconf 86' lang='lat' dir='ltr'><strong>parentis</strong></span> 
     </span>
     <span class='ocr_line' id='line_1_23' title="bbox 149 1831 820 1904; baseline -0.001 -19"><span class='ocrx_word' id='word_1_135' title='bbox 149 1831 317 1885; x_wconf 88' lang='lat' dir='ltr'><strong>condidimus</strong></span> <span class='ocrx_word' id='word_1_136' title='bbox 326 1838 402 1896; x_wconf 84' lang='lat' dir='ltr'><strong>terra,</strong></span> <span class='ocrx_word' id='word_1_137' title='bbox 415 1841 582 1904; x_wconf 86' lang='lat' dir='ltr'><strong>moestasque</strong></span> <span class='ocrx_word' id='word_1_138' title='bbox 591 1832 756 1886; x_wconf 88' lang='lat' dir='ltr'><strong>sacravimus</strong></span> <span class='ocrx_word' id='word_1_139' title='bbox 768 1849 820 1885; x_wconf 79' lang='lat' dir='ltr'><strong>aras</strong></span> 
     </span>
     <span class='ocr_line' id='line_1_24' title="bbox 150 1904 820 1979; baseline 0 -19"><span class='ocrx_word' id='word_1_140' title='bbox 150 1904 329 1977; x_wconf 86' lang='lat' dir='ltr'><strong>lemquedies‚</strong></span> <span class='ocrx_word' id='word_1_141' title='bbox 337 1906 365 1961; x_wconf 88' lang='lat' dir='ltr'><strong>ni</strong></span> <span class='ocrx_word' id='word_1_142' title='bbox 375 1905 459 1970; x_wconf 83' lang='lat' dir='ltr'><strong>fallor,</strong></span> <span class='ocrx_word' id='word_1_143' title='bbox 467 1907 548 1967; x_wconf 80' lang='lat' dir='ltr'><strong>adest.</strong></span> <span class='ocrx_word' id='word_1_144' title='bbox 557 1924 637 1979; x_wconf 90' lang='lat' dir='ltr'><strong>quem</strong></span> <span class='ocrx_word' id='word_1_145' title='bbox 647 1923 753 1977; x_wconf 88' lang='lat' dir='ltr'><strong>semper</strong></span> <span class='ocrx_word' id='word_1_146' title='bbox 762 1922 820 1960; x_wconf 80' lang='lat' dir='ltr'><strong>acer</strong></span> 
     </span>
    </p>

    <p class='ocr_par' dir='ltr' id='par_1_7' title="bbox 96 1980 820 2353">
     <span class='ocr_line' id='line_1_25' title="bbox 96 1980 785 2051; baseline -0.001 -15"><span class='ocrx_word' id='word_1_147' title='bbox 96 1993 120 2036; x_wconf 77' lang='lat' dir='ltr'><strong>eu</strong></span> <span class='ocrx_word' id='word_1_148' title='bbox 149 1998 254 2051; x_wconf 88' lang='lat' dir='ltr'><strong>semper</strong></span> <span class='ocrx_word' id='word_1_149' title='bbox 262 1980 429 2048; x_wconf 79' lang='lat' dir='ltr'><strong>honoratum,</strong></span> <span class='ocrx_word' id='word_1_150' title='bbox 441 1983 480 2036; x_wconf 93' lang='lat' dir='ltr'><strong>sic</strong></span> <span class='ocrx_word' id='word_1_151' title='bbox 489 1983 517 2036; x_wconf 89' lang='lat' dir='ltr'><strong>dl</strong></span> <span class='ocrx_word' id='word_1_152' title='bbox 526 1981 658 2046; x_wconf 85' lang='lat' dir='ltr'><strong>voluistis,</strong></span> <span class='ocrx_word' id='word_1_153' title='bbox 670 1981 785 2036; x_wconf 88' lang='lat' dir='ltr'><strong>habebo.</strong></span> 
     </span>
     <span class='ocr_line' id='line_1_26' title="bbox 150 2055 793 2131; baseline -0.003 -20"><span class='ocrx_word' id='word_1_154' title='bbox 150 2057 227 2111; x_wconf 90' lang='lat' dir='ltr'><strong>Hunc</strong></span> <span class='ocrx_word' id='word_1_155' title='bbox 236 2073 285 2130; x_wconf 79' lang='lat' dir='ltr'><strong>ego</strong></span> <span class='ocrx_word' id='word_1_156' title='bbox 293 2055 411 2111; x_wconf 88' lang='lat' dir='ltr'><strong>Gaetulis</strong></span> <span class='ocrx_word' id='word_1_157' title='bbox 423 2073 527 2131; x_wconf 79' lang='lat' dir='ltr'><strong>agerem</strong></span> <span class='ocrx_word' id='word_1_158' title='bbox 536 2057 560 2111; x_wconf 90' lang='lat' dir='ltr'><strong>si</strong></span> <span class='ocrx_word' id='word_1_159' title='bbox 572 2057 696 2131; x_wconf 78' lang='lat' dir='ltr'><strong>Syrtibus</strong></span> <span class='ocrx_word' id='word_1_160' title='bbox 706 2055 793 2120; x_wconf 87' lang='lat' dir='ltr'><strong>exsul,</strong></span> 
     </span>
     <span class='ocr_line' id='line_1_27' title="bbox 150 2130 804 2206; baseline -0.003 -20"><span class='ocrx_word' id='word_1_161' title='bbox 150 2130 306 2206; x_wconf 80' lang='lat' dir='ltr'><strong>Argolicove</strong></span> <span class='ocrx_word' id='word_1_162' title='bbox 314 2132 380 2186; x_wconf 90' lang='lat' dir='ltr'><strong>mari</strong></span> <span class='ocrx_word' id='word_1_163' title='bbox 390 2132 544 2204; x_wconf 86' lang='lat' dir='ltr'><strong>deprensus,</strong></span> <span class='ocrx_word' id='word_1_164' title='bbox 557 2138 582 2186; x_wconf 90' lang='lat' dir='ltr'><strong>et</strong></span> <span class='ocrx_word' id='word_1_165' title='bbox 593 2132 660 2187; x_wconf 87' lang='lat' dir='ltr'><strong>urbe</strong></span> <span class='ocrx_word' id='word_1_166' title='bbox 669 2132 804 2205; x_wconf 81' lang='lat' dir='ltr'><strong>Mycenae,</strong></span> 
     </span>
     <span class='ocr_line' id='line_1_28' title="bbox 151 2206 820 2278; baseline -0.001 -18"><span class='ocrx_word' id='word_1_167' title='bbox 151 2223 240 2261; x_wconf 80' lang='lat' dir='ltr'><strong>annua</strong></span> <span class='ocrx_word' id='word_1_168' title='bbox 249 2214 309 2263; x_wconf 83' lang='lat' dir='ltr'><strong>vota</strong></span> <span class='ocrx_word' id='word_1_169' title='bbox 319 2215 407 2262; x_wconf 89' lang='lat' dir='ltr'><strong>tamen</strong></span> <span class='ocrx_word' id='word_1_170' title='bbox 418 2206 602 2277; x_wconf 89' lang='lat' dir='ltr'><strong>solemnesque</strong></span> <span class='ocrx_word' id='word_1_171' title='bbox 611 2206 702 2261; x_wconf 91' lang='lat' dir='ltr'><strong>ordine</strong></span> <span class='ocrx_word' id='word_1_172' title='bbox 712 2222 820 2278; x_wconf 87' lang='lat' dir='ltr'><strong>pompas</strong></span> 
     </span>
     <span class='ocr_line' id='line_1_29' title="bbox 151 2280 776 2353; baseline -0.005 -17"><span class='ocrx_word' id='word_1_173' title='bbox 151 2297 317 2352; x_wconf 82' lang='lat' dir='ltr'><strong>exsequerer,</strong></span> <span class='ocrx_word' id='word_1_174' title='bbox 329 2290 511 2353; x_wconf 89' lang='lat' dir='ltr'><strong>strueremque</strong></span> <span class='ocrx_word' id='word_1_175' title='bbox 520 2281 578 2336; x_wconf 91' lang='lat' dir='ltr'><strong>suis</strong></span> <span class='ocrx_word' id='word_1_176' title='bbox 588 2280 679 2336; x_wconf 87' lang='lat' dir='ltr'><strong>altaria</strong></span> <span class='ocrx_word' id='word_1_177' title='bbox 687 2280 776 2336; x_wconf 90' lang='lat' dir='ltr'><strong>donis.</strong></span> 
     </span>
    </p>

    <p class='ocr_par' dir='ltr' id='par_1_8' title="bbox 98 2353 820 2656">
     <span class='ocr_line' id='line_1_30' title="bbox 98 2353 796 2428; baseline 0 -20"><span class='ocrx_word' id='word_1_178' title='bbox 98 2367 123 2408; x_wconf 76' lang='lat'><strong>55</strong></span> <span class='ocrx_word' id='word_1_179' title='bbox 152 2355 230 2410; x_wconf 89' lang='lat' dir='ltr'><strong>Nune</strong></span> <span class='ocrx_word' id='word_1_180' title='bbox 238 2353 308 2410; x_wconf 90' lang='lat' dir='ltr'><strong>ultro</strong></span> <span class='ocrx_word' id='word_1_181' title='bbox 318 2356 351 2410; x_wconf 94' lang='lat' dir='ltr'><strong>ad</strong></span> <span class='ocrx_word' id='word_1_182' title='bbox 360 2357 461 2411; x_wconf 86' lang='lat' dir='ltr'><strong>cineres</strong></span> <span class='ocrx_word' id='word_1_183' title='bbox 471 2357 557 2428; x_wconf 86' lang='lat' dir='ltr'><strong>ipsius</strong></span> <span class='ocrx_word' id='word_1_184' title='bbox 567 2363 592 2411; x_wconf 92' lang='lat' dir='ltr'><strong>et</strong></span> <span class='ocrx_word' id='word_1_185' title='bbox 600 2373 660 2411; x_wconf 83' lang='lat' dir='ltr'><strong>osse</strong></span> <span class='ocrx_word' id='word_1_186' title='bbox 669 2355 796 2427; x_wconf 82' lang='lat' dir='ltr'><strong>parentis,</strong></span> 
     </span>
     <span class='ocr_line' id='line_1_31' title="bbox 152 2429 820 2500; baseline 0 -16"><span class='ocrx_word' id='word_1_187' title='bbox 152 2429 225 2484; x_wconf 91' lang='lat' dir='ltr'><strong>haud</strong></span> <span class='ocrx_word' id='word_1_188' title='bbox 234 2429 358 2500; x_wconf 89' lang='lat' dir='ltr'><strong>equidem</strong></span> <span class='ocrx_word' id='word_1_189' title='bbox 368 2431 427 2486; x_wconf 89' lang='lat' dir='ltr'><strong>sine</strong></span> <span class='ocrx_word' id='word_1_190' title='bbox 436 2438 524 2486; x_wconf 85' lang='lat' dir='ltr'><strong>mente</strong></span> <span class='ocrx_word' id='word_1_191' title='bbox 532 2448 599 2496; x_wconf 85' lang='lat' dir='ltr'><strong>reor,</strong></span> <span class='ocrx_word' id='word_1_192' title='bbox 616 2429 820 2485; x_wconf 90' lang='lat' dir='ltr'><strong>sinenumined</strong></span> 
     </span>
     <span class='ocr_line' id='line_1_32' title="bbox 153 2503 782 2576; baseline 0 -17"><span class='ocrx_word' id='word_1_193' title='bbox 153 2503 293 2569; x_wconf 88' lang='lat' dir='ltr'><strong>adsumus‚</strong></span> <span class='ocrx_word' id='word_1_194' title='bbox 305 2511 330 2558; x_wconf 90' lang='lat' dir='ltr'><strong>et</strong></span> <span class='ocrx_word' id='word_1_195' title='bbox 340 2513 432 2576; x_wconf 90' lang='lat' dir='ltr'><strong>portus</strong></span> <span class='ocrx_word' id='word_1_196' title='bbox 442 2504 520 2560; x_wconf 85' lang='lat' dir='ltr'><strong>deleti</strong></span> <span class='ocrx_word' id='word_1_197' title='bbox 531 2507 661 2560; x_wconf 86' lang='lat' dir='ltr'><strong>intremus</strong></span> <span class='ocrx_word' id='word_1_198' title='bbox 671 2506 782 2560; x_wconf 90' lang='lat' dir='ltr'><strong>amicos.</strong></span> 
     </span>
     <span class='ocr_line' id='line_1_33' title="bbox 150 2579 820 2656; baseline -0.004 -19"><span class='ocrx_word' id='word_1_199' title='bbox 150 2579 224 2656; x_wconf 80' lang='lat' dir='ltr'><strong>Ergo</strong></span> <span class='ocrx_word' id='word_1_200' title='bbox 233 2579 313 2656; x_wconf 78' lang='lat' dir='ltr'><strong>agite,</strong></span> <span class='ocrx_word' id='word_1_201' title='bbox 324 2587 349 2634; x_wconf 91' lang='lat' dir='ltr'><strong>et</strong></span> <span class='ocrx_word' id='word_1_202' title='bbox 358 2579 457 2636; x_wconf 87' lang='lat' dir='ltr'><strong>laetum</strong></span> <span class='ocrx_word' id='word_1_203' title='bbox 465 2581 552 2636; x_wconf 89' lang='lat' dir='ltr'><strong>cuncti</strong></span> <span class='ocrx_word' id='word_1_204' title='bbox 561 2579 725 2636; x_wconf 86' lang='lat' dir='ltr'><strong>celebremus</strong></span> <span class='ocrx_word' id='word_1_205' title='bbox 734 2580 820 2636; x_wconf 87' lang='lat' dir='ltr'><strong>bonon</strong></span> 
     </span>
    </p>
   </div>
   <div class='ocr_carea' id='block_1_3' title="bbox 141 2656 820 2733">
    <p class='ocr_par' dir='ltr' id='par_1_9' title="bbox 141 2656 820 2733">
     <span class='ocr_line' id='line_1_34' title="bbox 141 2656 820 2733; baseline -0.019 -16"><span class='ocrx_word' id='word_1_206' title='bbox 141 2664 418 2733; x_wconf 77' lang='lat' dir='ltr'><strong>poscamusrentos3</strong></span> <span class='ocrx_word' id='word_1_207' title='bbox 439 2656 820 2731; x_wconf 68' lang='lat' dir='ltr'><strong>atquebaeomesueraqunta</strong></span> 
     </span>
    </p>
   </div>
   <div class='ocr_carea' id='block_1_4' title="bbox 0 0 931 3052">
    <p class='ocr_par' dir='ltr' id='par_1_10' title="bbox 0 0 931 3052">
     <span class='ocr_line' id='line_1_35' title="bbox 0 0 931 3052; baseline 0 0"><span class='ocrx_word' id='word_1_208' title='bbox 0 0 931 3052; x_wconf 95' lang='lat' dir='ltr'><strong> </strong></span> 
     </span>
    </p>
   </div>
  </div>
 </body>
</html>
