1846 3052
150 121 167 175 2
244 113 249 123 ”
315 127 726 173 P.V1RG1L11MARON18

150 223 242 355 {appe
250 225 356 281 sinistra
365 243 429 280 cava
438 226 568 296 praedixit
576 226 610 280 ab
618 225 676 281 ilice
685 224 798 312 cornum]

210 308 308 365 mmen,
320 301 369 354 iste
378 300 444 354 dous
453 301 501 372 qui
511 302 553 367 sit,
565 301 608 365 da,
621 301 718 374 Tityre,
731 301 832 377 nobis!

95 381 121 427 20
147 391 183 429 rr.
204 375 311 440 Urbem,
326 374 639 446 quamdiountllomam,
651 375 785 441 Meliboee,
800 377 893 447 putavi

150 447 247 503 stultus
256 466 305 522 ego
314 449 377 503 buic
386 457 489 504 nostrae
497 450 621 515 similem,
631 467 686 521 quo
693 468 770 522 saepo
777 450 894 506 solemus

149 530 266 594 pastores
275 523 368 578 ovium
378 531 478 579 teneros
488 524 616 596 depellere
625 523 704 580 fetus.

149 597 193 652 Sic
202 599 313 653 canibus
322 597 421 653 catulos
430 597 540 664 similes,
551 599 591 654 sic
600 599 730 654 matribus
739 598 836 654 baedos

151 688 257 740 noram;
279 673 318 726 sic
330 673 419 744 parvis
428 690 584 744 componere
592 691 689 747 magna
699 673 826 729 solebam.

96 754 121 799 25
147 746 245 801 Verum
255 747 320 801 baec
331 754 434 801 tantum
443 746 508 802 alias
520 748 589 803 inter
597 755 677 820 caput
685 748 779 803 extulit
787 748 877 814 urbes,

151 828 282 892 quantum
291 820 360 876 lenta
369 821 454 876 solent
463 822 530 877 inter
537 822 653 878 viburna
661 823 789 894 cupressi.

149 912 198 950 ms.
217 897 251 949 Et
260 913 328 967 quae
338 903 409 950 tauta
420 895 470 951 luit
478 897 589 952 Romam
598 897 647 952 tibi
660 915 754 952 caussa
767 896 895 953 videndi?

150 986 186 1022 τι.
206 970 336 1025 Libertas:
358 987 435 1042 quae,
450 988 508 1026 sera
519 978 606 1026 tamen
616 973 731 1043 respexit
742 972 862 1035 inertem,

150 1043 286 1098 candidior
294 1052 435 1117 postquam
445 1045 562 1100 tondenti
571 1045 654 1101 barba
663 1046 779 1111 cadebat,

96 1126 121 1170 aa
148 1118 375 1188 respexittamen,
387 1127 412 1174 et
422 1119 500 1194 longo
509 1126 570 1191 post
578 1127 694 1192 tempore
703 1121 784 1185 venit,

150 1200 291 1265 postquam
301 1211 349 1248 nos
357 1193 501 1268 Amaryllis
512 1194 599 1256 babet,
612 1194 718 1251 Galatea
726 1194 842 1267 reliquit.

151 1269 272 1339 Namque
281 1267 388 1340 (fatebor
397 1268 477 1342 enim)
486 1268 552 1323 dum
562 1286 605 1323 me
615 1268 722 1324 Galatea
732 1271 846 1335 tenebat,

150 1359 198 1397 nec
206 1360 267 1414 spes
277 1343 402 1398 libertatis
411 1351 473 1409 orat,
486 1360 535 1399 nec
543 1360 606 1398 cura
615 1343 713 1416 peculi.
736 1369 739 1373 ·

150 1415 279 1482 Quamvis
289 1418 374 1473 multa
383 1419 450 1473 mois
459 1418 542 1474 exiret
550 1418 657 1474 victima
667 1419 758 1490 septis,

96 1499 122 1543 35
145 1491 256 1564 pinguis
265 1499 290 1546 et
302 1492 419 1567 ingratae
427 1499 589 1564 premeretur
599 1511 691 1551 caseus
700 1493 772 1558 urbi,

150 1581 203 1621 non
218 1583 339 1638 unquam
352 1567 442 1640 gravis
451 1584 510 1622 aere
522 1568 634 1624 domum
648 1568 716 1625 mibi
728 1568 819 1625 dextra
836 1584 879 1622 re-

149 1730 198 1767 am.
217 1714 341 1780 Mirabar,
353 1715 420 1788 quid
429 1724 528 1772 moesta
537 1717 610 1783 deos,
621 1648 761 1791 Amairylli,
774 1733 895 1787 vocares;

151 1788 194 1842 cui
203 1789 316 1859 pendere
325 1808 374 1845 sua
383 1793 507 1862 patereris
518 1793 546 1848 in
556 1793 648 1847 arbore
657 1808 743 1864 poma.

149 1863 258 1936 Tityrus
269 1865 333 1919 bino
341 1865 439 1921 aberat.
460 1868 535 1938 Ipsae
545 1874 580 1932 te,
592 1867 690 1941 Tityre,
701 1866 792 1939 pinus,

95 1943 122 1990 tu
146 1936 335 2008 ipsitelontes,
348 1940 404 2012 ipsa
413 1941 478 1997 baec
487 1942 595 1996 arbusta
603 1941 741 1998 vocabant.

150 2028 186 2066 sn
206 2011 277 2078 Quid
290 2013 417 2070 facerem?
436 2018 527 2088 Neque
542 2016 648 2071 servitio
658 2034 701 2072 me
710 2016 782 2072 exire
791 2015 886 2071 licebat

150 2103 198 2141 nec
206 2094 261 2141 tam
271 2096 419 2159 praesentes
428 2090 492 2147 alibi
501 2108 656 2163 cognoscere
663 2091 751 2148 divos.

150 2161 199 2215 Hic
209 2161 285 2216 illum
296 2163 352 2218 vidi
361 2165 494 2229 iuvenem,
506 2165 640 2230 Meliboee,
653 2165 796 2238 quotannis

150 2235 193 2289 bis
203 2254 280 2291 senos
289 2239 333 2293 cui
343 2246 431 2294 nostra
439 2238 497 2294 dies
507 2239 597 2294 altaria
607 2239 720 2295 fumant.

96 2315 122 2362 ts
146 2309 195 2364 Hic
204 2310 271 2365 mihi
280 2329 436 2384 responsum
445 2315 548 2386 primus
557 2314 629 2371 dedit
638 2314 683 2370 ille
692 2315 801 2386 petenti:

150 2386 248 2455 pascite
257 2393 288 2441 ut
296 2395 356 2443 ante
365 2388 455 2454 boves,
467 2389 557 2461 pueri,
574 2390 722 2445 submittite
730 2396 828 2444 tauros.

150 2475 199 2512 am.
218 2461 360 2517 Fortunate
369 2480 459 2529 senex,
471 2471 588 2537 asgotua
597 2483 659 2521 rura
668 2463 828 2520 manebuntl

151 2541 177 2587 at
186 2534 235 2588 tibi
244 2553 341 2610 magna
350 2538 425 2605 satis;
442 2539 567 2610 quamvis
576 2539 644 2610 lapis
653 2539 743 2595 omnia
752 2537 843 2596 nudus

152 2607 300 2683 limosoque
308 2610 385 2685 palus
396 2613 509 2670 obducat
518 2631 614 2687 pascua
625 2615 711 2672 iunco.
