1846 3052
165 156 197 208 ii
330 162 360 207 P.
380 157 553 206 VIRGILII
569 154 743 204 eunome

164 260 262 316 diversi
275 265 399 330 rumpent
409 258 485 322 redii,
499 264 544 313 aut
553 257 602 313 ubi
609 256 707 328 pallida
717 264 809 332 surget

165 334 271 390 Tithoni
280 350 400 388 orooeum
411 332 535 404 linquens
546 333 646 386 Aurora
655 330 756 399 oubile;

164 410 217 464 heu
227 408 296 463 mele
308 415 366 463 tum
377 407 453 461 mites
462 406 581 460 defendet
590 406 733 478 pampinus
742 423 824 463 uvas:

164 492 219 538 tem
228 481 313 538 multe
323 482 351 536 in
360 481 433 536 tectis
443 481 573 552 crepitans
583 479 644 535 sulit
652 481 758 535 horrida
768 482 878 554 grando.

110 565 150 610 555
164 559 219 612 Hoo
230 560 318 622 etiem,
330 572 437 611 emenso
446 571 532 627 quum
542 555 596 609 iam
605 554 710 610 deoedet
718 554 843 629 Olympo,

120 667 123 673 -
164 630 292 704 profuerit
301 630 455 685 meminisse
464 630 564 702 magis:
585 646 648 684 nem
657 646 735 701 saepe
743 629 867 691 videmus

165 706 251 779 ipsius
259 705 288 761 in
297 704 375 761 vultu
385 705 471 759 varios
479 721 565 759 errare
576 703 688 773 oolores3

165 780 301 836 caeruleus
310 779 431 851 pluviam
442 778 591 840 denunciat,
605 778 701 850 igneus
709 777 805 833 Euros.

164 854 212 910 Sin
221 854 339 909 maculae
348 853 474 924 incipient
485 852 563 907 rutilo
574 852 745 907 immisoerier
753 853 825 926 igni3

111 936 150 982 155
164 931 255 984 omnia
264 935 328 984 tuno
336 928 433 999 pariter
446 935 524 983 vento
533 927 686 999 nimbisque
693 926 798 982 videbis

164 1002 274 1060 fervere.
294 1003 354 1057 Non
363 1002 408 1057 iiie
418 1003 562 1075 quisquam
572 1019 615 1057 me
624 1009 699 1057 nocte
709 1019 755 1074 per
764 1001 850 1056 ultum

90 1088 93 1095 '
164 1079 212 1145 ire,
224 1083 410 1150 nequouterrn
420 1083 525 1132 moneat
533 1075 678 1133 convellere
687 1076 789 1132 funem.
855 1133 858 1137 ,

165 1154 198 1208 At
208 1153 240 1218 si,
253 1169 339 1225 quum
348 1150 493 1223 referetque
501 1151 572 1206 diem
584 1151 730 1223 condetque
738 1151 861 1216 relatum,

165 1227 271 1283 lucidus
280 1227 352 1282 orbis
362 1227 424 1296 erit3
445 1225 543 1281 frustra
552 1225 680 1280 terrebere
690 1225 800 1291 nimbis,

110 1309 150 1355 too
164 1310 189 1358 et
199 1303 269 1357 claro
277 1302 359 1358 silves
368 1319 458 1357 cernes
468 1299 599 1374 Aquilone
610 1301 717 1356 moveri.

166 1378 294 1449 Denique,
304 1377 372 1450 quid
382 1394 475 1450 vesper
484 1394 559 1431 serus
568 1375 655 1440 vehat,
668 1373 740 1430 unde
749 1392 855 1430 serenes

165 1459 261 1507 ventus
272 1460 333 1525 eget
345 1452 439 1521 nubes,
454 1451 522 1523 quid
530 1450 626 1524 eogitet
634 1449 763 1506 humidus
774 1450 879 1515 Auster,

165 1524 205 1581 eoi
214 1526 264 1581 tihi
273 1526 350 1599 signa
360 1525 443 1581 debit.
460 1525 551 1580 Solem
560 1526 622 1598 quis
631 1525 717 1581 dioere
728 1523 827 1580 falsum

166 1599 277 1655 eudeat‘?
294 1599 341 1654 Ille
350 1601 429 1654 etiam
438 1616 527 1654 oeeoos
537 1601 634 1655 instare
643 1599 775 1655 tumultus

112 1682 152 1729 tto
166 1691 244 1746 saepe
252 1681 350 1739 monet,
364 1673 538 1746 fraudemque
546 1681 571 1729 et
580 1683 668 1747 operte
677 1682 823 1730 tumescere
830 1673 908 1730 bella.

166 1749 214 1805 Ille
224 1749 302 1804 etiem
313 1748 441 1802 exstincto
450 1748 591 1804 miseratus
601 1750 710 1806 Caesare
719 1749 845 1805 Romam:

167 1840 252 1897 quum
263 1830 343 1894 caput
351 1823 463 1893 obscura
472 1823 588 1880 nitidum
600 1823 733 1898 ferrugine
741 1824 816 1889 texit,

167 1897 303 1970 impiaque
313 1904 443 1953 aeternam
453 1898 599 1955 timuerunt
609 1898 714 1954 saecula
722 1906 836 1954 noctem.

167 1973 294 2044 Tempore
308 1989 473 2045 quemquam
487 1972 533 2029 ilio
546 1973 624 2030 tellus
637 1990 753 2046 quoque,
774 1980 801 2029 et
815 1990 909 2046 aequo

605 2064 635 2103 ra
678 2048 726 2114 nti,

113 2128 153 2175 rio
167 2120 328 2193 obscenique
336 2137 424 2187 canes,
438 2065 783 2195 importunaequffioluores

167 2195 245 2269 signe
254 2195 362 2251 dobunt.
383 2196 491 2263 Quoties
502 2196 648 2270 Cyclopum
658 2197 781 2253 effervere
793 2197 823 2253 in
836 2213 913 2271 egros

167 2270 286 2328 vidimus
295 2270 440 2327 undantem
450 2271 536 2344 ruptis
545 2270 695 2326 fornacibus
703 2271 825 2338 Aetnam,

168 2343 391 2418 flammarumque
399 2344 695 2419 glohosliqueiocteque
703 2345 810 2401 volvere
820 2348 901 2402 saxu!

169 2421 311 2476 Armorum
321 2421 439 2476 sonitum
448 2426 501 2476 toto
512 2420 654 2476 Germanis
663 2420 734 2476 ooelo

114 2501 154 2548 155
168 2494 265 2564 eudiit3
286 2495 400 2551 insolitis
409 2502 573 2551 tremuerunt
581 2495 697 2551 motibus
705 2493 795 2566 Alpes.

168 2570 227 2625 Vox
237 2587 344 2644 quoque
352 2588 400 2642 per
408 2570 482 2626 luoos
492 2570 574 2643 vulgo
582 2571 706 2626 exaudita
715 2570 821 2625 silentes

157 2646 274 2720 ingens,·
295 2645 576 2705 etsimulnornmoois
582 2644 792 2718 petientiemiris
