1846 3052
170 155 220 208 250
334 161 365 207 P.
385 149 747 206 v1RG1L111ttARON'15

118 272 143 314 tt
171 276 244 315 encra
253 276 366 322 somam,
377 257 529 329 multosque
538 263 611 313 metu
619 266 884 331 servuteperenuos‚

171 351 252 407 quam
264 341 337 405 peter
348 333 492 398 inventam,
503 331 603 405 primes
611 349 698 404 quum
706 330 905 396 eonderetnross.

171 410 227 480 ipse
237 407 367 463 ferebatur
379 407 484 461 Phoebo
495 424 610 463 sacrasse
618 407 739 472 Latinus,

170 485 366 554 Laurentesque
375 481 409 536 ab
416 498 447 536 ea
457 499 553 537 nomen
562 481 683 553 posuisse
691 481 803 537 oolonis.

171 557 256 612 Huius
266 574 328 628 opes
339 573 478 611 summum
490 557 587 611 densae
598 555 728 629 (mirabile
739 555 825 628 dictu)

120 645 145 686 55
173 631 283 687 stridore
293 630 393 704 ingenti
402 630 536 702 liquidum
547 638 619 685 trane
629 629 733 685 aethere
743 638 842 694 vectes,

171 705 295 761 obsedere
304 705 417 776 epicem;
437 713 472 770 et,
484 704 597 776 pedihus
605 721 653 775 per
662 712 757 760 mutua
768 704 855 770 nexis.

172 797 281 835 examen
292 780 410 834 subitum
420 797 494 835 remo
502 777 638 834 frondente
647 779 779 850 pependit

173 855 305 911 Continuo
316 861 398 919 vates,
408 853 555 909 Externum
563 853 707 919 oemimus
722 853 822 925 inquit,

172 929 311 985 adventare
319 928 419 993 virum,
430 936 456 983 et
463 934 550 999 partes
559 935 645 998 petere
653 945 750 1000 agmen
760 927 865 983 eusdem

119 1015 144 1057 το
172 1004 291 1075 partibus
301 1020 335 1058 ex
344 1001 438 1067 isdem,
450 1011 590 1057 etsumma
600 1001 760 1057 dominarier
768 1019 837 1057 eros.

174 1080 314 1143 Praeterea,
325 1078 404 1132 costis
412 1076 497 1133 adolet
506 1077 571 1132 dum
581 1075 672 1131 alteris
681 1076 774 1143 toedio,

172 1159 203 1208 ut
211 1154 285 1208 iuxta
294 1152 438 1226 genitorem
449 1151 653 1207 adstethvinia
662 1151 704 1205 vir
722 1168 750 1217 o,

173 1228 231 1283 vise
240 1225 320 1300 (nefas
328 1225 345 1301 l)
353 1225 440 1299 longis
448 1168 762 1297 eomprenderocrinrirue
773 1226 868 1299 ignem,

174 1310 253 1374 atque
263 1318 369 1357 omnem
379 1308 501 1356 ornatum
511 1298 617 1355 flumme
625 1300 770 1372 crepitante
778 1299 891 1365 cremari,

120 1389 146 1432 75
175 1376 811 1450 regalesquescoensaoomes‚eoeensaooronsm

174 1452 306 1524 insignem
316 1450 446 1523 gemmis;
467 1457 526 1505 tum
535 1448 638 1505 fumida
649 1449 754 1504 lumine
761 1447 837 1505 fulvo

175 1525 285 1590 involvi,
300 1542 330 1580 ac
339 1525 399 1579 totis
409 1523 558 1580 Vulcanum
567 1540 690 1597 spargere
702 1524 786 1579 tectis.

175 1600 206 1654 Id
217 1616 279 1655 vero
290 1598 451 1654 horrendum
461 1617 491 1654 no
500 1599 561 1655 visu
570 1597 691 1653 mirabile
700 1597 778 1655 ferri:

176 1690 292 1744 nemque
300 1672 355 1727 lore
364 1672 494 1729 illustrem
507 1673 577 1728 fama
587 1672 701 1744 latisque
709 1673 842 1729 oenebsnt

122 1761 147 1802 so
176 1750 276 1820 ipssm3
297 1747 590 1821 sedpopulomegnum
599 1746 755 1819 portendere
763 1746 873 1805 bellum.

176 1822 265 1877 Atrox
275 1820 402 1877 sollicitus
412 1823 548 1888 monstris,
560 1821 665 1878 oraoule
673 1822 770 1888 Fauni,

177 1897 274 1952 fatidici
284 1895 419 1970 genitoris,
434 1897 495 1961 adit,
507 1896 633 1968 lucosque
642 1897 695 1952 sub
704 1896 757 1951 elta

177 1970 292 2027 consulit
301 1969 435 2039 Albunea,
457 1989 596 2026 nemorum
606 1988 675 2043 quoe
683 1971 885 2027 maximsseom

177 2047 247 2101 fonte
255 2052 339 2111 sonat,
350 2063 511 2118 saevamque
519 2046 624 2101 exhalat
633 2062 713 2116 opaca
726 2045 877 2115 mephitim.

124 2133 149 2175 85
177 2121 244 2176 Hine
253 2120 332 2176 ltelee
340 2129 440 2194 gentes,
453 2121 595 2193 omnisque
604 2120 726 2176 Oenotria
735 2118 828 2186 tellus,

177 2196 204 2250 in
216 2195 305 2250 dubiis
314 2213 438 2268 response
448 2203 550 2267 petunt.
579 2197 637 2251 Huo
645 2195 713 2250 dona
722 2195 849 2251 sacerdos

179 2287 264 2342 quum
275 2270 344 2335 tulit,
355 2279 381 2325 et
389 2288 524 2326 caesarum
536 2271 628 2325 ovium
640 2269 693 2324 suh
702 2277 778 2325 noete
791 2270 879 2327 silenti

178 2343 293 2417 pellibus
303 2345 527 2411 incubuitstretis,
537 2362 699 2416 somnosque
707 2344 817 2415 petivit:

180 2418 263 2473 multa
273 2419 359 2473 modis
369 2418 509 2475 simulacra
521 2419 593 2476 videt
602 2419 738 2475 volitantia
748 2420 839 2487 miris,

126 2505 151 2548 to
179 2500 204 2548 et
217 2492 302 2547 varies
313 2493 387 2547 audit
396 2511 482 2560 voees,
494 2493 644 2566 fruiturque
652 2494 763 2549 deorum

177 2566 319 2642 colloquio,
330 2574 410 2642 atque
421 2568 483 2623 imis
492 2568 637 2624 Acheronta
647 2568 741 2623 ellatur
749 2567 876 2625 Auernis.

169 2647 223 2704 llio
231 2654 257 2705 et
267 2654 330 2707 tum
339 2653 416 2725 peter
424 2645 486 2723 ipse
492 2641 836 2721 netensresnonmkuinns
