1846 3052
154 177 205 233 tll
316 185 346 229 Ρ.
366 182 540 230 VIRGILII
556 181 730 229 MARONIS

153 301 247 339 rursus
257 283 318 338 etin
328 289 441 336 veterem
451 281 655 338 latorevoluteli
695 300 762 338 rem.

99 364 139 412 450
191 359 337 428 Interquas
347 356 489 411 Phoenissa
499 357 807 414 receusavuuereDido

155 432 257 486 errabat
266 432 333 486 silva
341 432 370 486 in
379 448 488 504 magne:
510 448 592 502 quam
602 432 697 486 Troius
707 432 793 499 heroe,

155 514 184 560 ut
193 507 311 578 primum
321 506 394 560 iuxta
405 506 482 571 stetit,
495 507 654 579 agnovitque
663 524 710 578 per
718 507 826 563 umbras

155 581 304 645 obscuram,
316 579 422 652 qualem
431 580 517 650 primo
527 581 573 651 qui
584 599 694 654 surgere
705 599 797 637 mense

156 663 200 709 aut
209 655 289 719 videt,
300 662 345 710 eut
354 655 453 709 vidisse
461 663 543 725 putat,
555 655 712 726 pernobile,
725 655 816 712 lunam

101 736 140 783 loo
155 729 261 783 demisit
271 730 399 793 lacrimas,
412 728 537 800 dulcique
549 730 643 784 affatus
654 747 744 785 amore
753 738 835 813 sely
851 706 876 789 l

155 803 250 859 Infelix
260 804 334 866 Dido,
347 821 426 857 verus
435 805 502 857 mihi
512 805 622 858 nuntius
631 821 694 877 ergo

156 885 270 942 venerat,
282 877 444 942 exstinctam,
457 877 577 949 ferroque
586 887 701 933 extrema
712 876 843 934 secutam?

156 953 268 1007 Funeris
278 951 331 1005 heu
341 951 387 1006 tibi
398 969 477 1006 causa
486 951 613 1013 luiltPer
621 953 708 1008 sidera
718 955 786 1019 iuro,

156 1043 335 1098 persumme,
348 1034 381 1092 et,
394 1026 416 1079 si
427 1045 480 1098 qua
491 1028 555 1082 fides
565 1026 658 1082 tellure
666 1029 719 1083 eub
728 1028 782 1082 ima
791 1035 837 1092 est,

103 1108 143 1154 loo
157 1102 267 1166 invitus,
282 1101 381 1174 regina,
394 1109 439 1156 tuo
448 1101 481 1155 de
491 1101 565 1157 litore
575 1102 652 1157 cessi.

157 1175 209 1230 Sed
219 1193 262 1230 me
271 1176 342 1230 iussa
352 1176 431 1230 deum
441 1213 446 1237 ,
456 1193 524 1246 quae
538 1193 609 1231 nuno
618 1175 667 1230 bas
677 1176 716 1231 ire
724 1193 772 1247 per
780 1175 887 1239 umbras.

157 1267 204 1321 per
217 1250 272 1304 loca
280 1258 352 1304 senta
362 1250 415 1304 situ
426 1258 531 1323 cogunt,
544 1258 699 1321 noctemque
708 1250 870 1324 profundam,

158 1325 276 1395 imperiis
284 1342 359 1397 egere
368 1326 434 1389 suis,
446 1342 494 1379 nec
502 1325 605 1379 credere
614 1325 690 1396 quivi

157 1399 230 1453 hunc
238 1407 341 1453 tantum
351 1399 399 1453 tibi
409 1417 451 1452 me
460 1398 577 1454 discessu
588 1399 654 1454 lerre
663 1397 790 1453 dolorem.

103 1479 143 1527 lte
157 1473 225 1527 Siste
234 1473 357 1546 gradum,
368 1481 446 1544 teque
455 1473 578 1544 adspectu
589 1492 622 1528 ne
632 1474 760 1528 subtrahe
769 1481 862 1528 nostro.

159 1547 243 1614 Quem
270 1546 359 1621 lugis‘?
377 1549 532 1602 Extremum
552 1547 617 1615 lato,
635 1548 708 1677 qqod
725 1556 752 1603 te
773 1548 889 1621 alloquor.

669 1631 759 1678 obest.

158 1693 267 1751 Talibus
278 1695 378 1750 Aeneas
387 1696 520 1752 ardentem
530 1704 555 1751 et
563 1703 636 1751 torva
644 1705 764 1752 tuentem

159 1769 256 1824 lenibat
265 1769 341 1824 dictis
354 1771 483 1836 animum,
496 1771 670 1842 lacrimasque
678 1771 773 1827 ciebat.

158 1843 205 1899 llla
217 1843 272 1898 solo
283 1845 350 1898 fixos
359 1845 448 1900 oculos
459 1864 549 1901 aversa
558 1847 674 1916 tenebat;

104 1927 144 1972 llo
159 1936 207 1974 nec
216 1919 301 1992 magis
312 1919 413 1990 incepto
423 1920 528 1975 vultum
541 1937 661 1975 sermone
671 1927 804 1986 movetur.

159 2011 240 2064 quam
250 1995 273 2048 si
279 1994 345 2048 dura
357 1994 424 2049 silex
434 2005 479 2050 aut
488 2002 537 2049 stet
546 1995 673 2067 Marpesia
683 1998 798 2053 caulei

159 2069 276 2123 Tandem
286 2070 411 2140 corripuit
420 2087 485 2135 sese,
496 2079 575 2141 atque
587 2070 693 2124 inimica
704 2069 802 2143 refugit

158 2144 489 2199 inuemusumbrilemm:
510 2144 627 2199 coniunx
636 2145 684 2199 ubi
693 2145 825 2216 pristinus
835 2143 871 2204 illi

160 2218 298 2288 respondet
307 2220 386 2283 curis,
399 2226 546 2290 aequatque
555 2219 689 2293 Sychaeus
700 2235 829 2274 amorem.

104 2298 144 2345 41¹5
158 2293 212 2346 Ncc
220 2293 311 2346 minus
321 2293 430 2357 Aeneas,
443 2311 504 2347 casu
515 2311 656 2364 percussus
668 2294 771 2366 iniquo,

158 2367 326 2438 prosequitur
340 2367 479 2422 lacrimans
497 2367 582 2442 longe,
598 2377 624 2423 et
636 2369 779 2424 miseretur
787 2374 899 2425 euntem.

195 2439 259 2494 Inde
272 2439 362 2495 datum
377 2442 485 2496 molitur
501 2443 558 2498 iter.
587 2445 696 2515 Iamque
710 2461 772 2498 arvo
783 2443 900 2500 tenebam

158 2513 261 2579 ultima,
274 2531 343 2586 queo
355 2516 423 2570 bello
433 2516 495 2571 clari
506 2525 603 2572 secrete
613 2517 792 2590 frequentant.

155 2590 180 2645 H
182 2590 205 2646 lc
217 2589 257 2646 illi
268 2591 381 2646 occurrit
390 2591 508 2666 Tydeus,
516 2593 562 2645 bic
571 2592 685 2665 inclutus
693 2592 778 2649 ermis

89 2674 131 2722 loo
147 2668 374 2748 Parthenopaeus
382 2666 529 2728 etbdrasti
534 2666 773 2738 qaileudsiuoqm
