1846 3052
150 109 200 164 288
312 113 340 158 Ρ.
359 111 534 158 VIRGILII
552 109 725 157 MARoMs
774 131 778 141 ι

98 223 137 269 455
150 214 201 270 Sed
209 213 259 269 tihi
267 229 316 286 ego
326 213 444 286 ingentes
453 209 564 282 populos
573 207 751 282 opulentaque
760 207 839 283 regnis

152 291 261 362 iungere
269 294 354 342 eastre
362 303 434 358 paro,
445 302 527 357 quem
536 283 589 340 iors
599 283 706 356 inopine
716 281 829 340 salutem

152 369 275 428 ostentat3
297 360 357 417 fatis
366 361 453 416 huote
461 359 630 433 poscentibus
639 358 726 415 affers.

151 437 227 493 Haud
235 434 327 509 procui
336 435 400 491 hino
409 453 473 491 saxo
482 433 604 490 insolitur
612 432 723 490 fundata
731 439 835 491 vetusto

152 511 228 567 urbis
237 508 377 585 Agyllinae
386 510 474 566 sedes:
495 509 542 566 ubi
552 508 636 584 Lydia
645 508 784 581 quondam

98 595 137 642 teo
170 604 227 652 ens,
238 585 308 642 hello
317 584 456 658 praeclara,
471 584 542 658 iugis
551 582 784 641 inseditEtrueeis.

151 605 225 716 itanc
235 661 333 717 multos
342 659 476 715 florentem
488 676 571 715 annos
580 676 628 715 rex
636 658 733 715 deinde
740 659 839 731 superb

153 735 263 807 imperio
272 741 297 790 et
305 735 391 791 saevis
401 735 485 790 tenuit
493 732 638 790 Mezentius
646 733 741 789 armis.

153 809 224 876 Quid
236 826 381 864 memorem
394 807 515 864 infandas
524 807 624 874 medes,
635 807 705 880 quid
713 807 781 864 tnta
790 816 839 882 tyn

153 883 249 939 effera?
264 884 298 939 Dt
307 883 385 955 capiti
395 883 480 955 ipsius
488 883 632 956 generique
640 884 791 939 reservent!

99 967 139 1014 485
152 960 254 1015 Mortua
262 958 329 1031 quin
340 959 418 1015 etiam
428 957 553 1031 iungebat
562 974 670 1029 oorpora
681 957 762 1023 vivis,

153 1050 312 1106 componens
322 1033 498 1105 manibusque
507 1050 603 1088 manus
612 1038 691 1104 etque
702 1033 795 1089 oribus
803 1051 839 1091 ora

153 1107 274 1164 tormenti
283 1125 377 1183 gentes,
389 1115 415 1164 et
423 1107 496 1163 sanie
505 1107 618 1180 taboque
627 1105 740 1163 fluentes

154 1181 294 1254 eomplexu
303 1183 331 1238 in
342 1182 439 1239 misero
450 1181 493 1237 lon
515 1183 577 1238 asic
586 1189 669 1238 morte
678 1183 798 1239 necabat.

154 1256 260 1312 Atiessi
271 1257 377 1323 tandem
386 1257 457 1314 cives
471 1257 477 1270 '
508 1256 576 1312 ando
584 1256 716 1313 4545554555

100 1340 140 1387 tto
154 1332 247 1387 armati
256 1331 452 1389 circumsistunt
461 1332 606 1404 ipsumque
616 1330 795 1404 domumque,

155 1407 312 1462 obtruncant
319 1407 411 1473 socios,
423 1407 512 1480 ignem
522 1406 557 1462 ad
564 1405 669 1480 fastigia
678 1407 785 1463 iaetant.

154 1481 201 1537 illo
212 1481 279 1536 inter
288 1481 378 1538 caedes
388 1481 546 1538 Rutulorum
556 1481 662 1553 elapsus
671 1481 699 1536 in
711 1499 789 1555 agros

153 1553 301 1629 confugere,
314 1564 339 1612 et
348 1557 431 1613 Turni
439 1556 572 1612 defendier
580 1556 693 1628 hospitis
704 1556 798 1613 armie.

154 1630 224 1703 Ergo
233 1629 320 1685 omnis
329 1630 406 1686 furiis
415 1632 529 1687 surrexit
538 1631 643 1687 Etruria
653 1631 746 1699 iustis3

101 1714 140 1760 tte
154 1722 243 1778 regem
253 1705 287 1759 ad
296 1704 457 1776 supplicium
466 1706 594 1778 praesenti
605 1707 688 1762 Marte
696 1714 837 1778 reposcunt

154 1779 201 1834 His
212 1795 260 1852 ego
268 1785 301 1844 te,
313 1779 409 1845 Aenea,
421 1780 554 1836 ductorem
564 1780 684 1836 millibus
693 1780 799 1836 addam.

156 1854 219 1908 Toto
227 1869 344 1924 namque
351 1852 467 1910 tremunt
475 1856 620 1911 condensae
629 1854 704 1910 litore
713 1872 826 1928 puppes,

155 1928 285 2002 signaque
294 1926 359 1983 ferre
368 1928 471 1996 iubent;
491 1930 583 1986 retinet
592 1929 737 2003 longaevus
746 1929 839 2003 harus}

155 2001 326 2058 satananens:
347 2002 511 2060 OMaeoniae
521 2003 618 2061 delecto
627 2005 762 2070 iuventus,

103 2088 142 2130 555
156 2075 203 2132 flos
213 2079 574 2151 veterumvirtusquevirtrm‚
582 2096 650 2151 quos
660 2080 748 2135 iustus
759 2080 789 2137 in
797 2081 839 2137 hot

156 2148 206 2205 sert
215 2150 296 2217 dolor,
307 2159 332 2208 et
343 2154 435 2210 merita
444 2154 560 2209 accendit
568 2154 712 2211 Mezentius
724 2155 780 2224 ira3

157 2224 225 2279 nulli
238 2225 277 2280 fas
286 2226 350 2282 italo
360 2235 458 2282 tantam
469 2229 629 2302 subiungere
637 2236 758 2302 gentem:

157 2307 277 2354 externos
288 2309 373 2372 optate
385 2301 474 2358 duoes.
504 2305 573 2358 Tum
581 2304 692 2359 Etrusca
701 2304 800 2360 resedit

157 2373 207 2429 hoc
218 2373 286 2428 acies
296 2392 397 2448 eampo,
408 2377 514 2432 monitis
523 2379 644 2434 exterrita
656 2378 763 2435 divum

104 2461 142 2504 555
157 2450 214 2521 Ipse
223 2455 335 2504 oratores
344 2451 378 2505 ad
388 2469 430 2508 me
439 2453 567 2526 regnique
574 2471 698 2509 eoronam

158 2541 219 2580 oum
228 2531 329 2598 seeptro
337 2526 419 2592 misit,
432 2527 592 2599 mandatque
602 2529 718 2602 insignia
729 2528 838 2592 Tar-dno,

151 2601 298 2666 sueoedam
306 2602 839 2683 castrisssurrtrenauusreunoeapessem
