1846 3052
133 145 181 198 iii
299 151 327 195 P.
350 150 519 196 VIRGILII
536 150 711 196 MARONIS

131 259 221 306 natum
237 256 296 304 ante
306 266 352 304 ora
363 250 455 322 patris,
471 258 572 321 patrem
587 251 635 322 qui
649 251 789 307 obtruncat
799 268 819 305 a(

623 341 694 383 aras.
801 364 809 371 -

130 402 185 455 Hoc
193 406 256 463 erat,
268 397 337 452 alma
348 415 452 469 parens,
465 398 536 471 quod
547 415 590 453 me
597 399 715 471 perteia,
726 416 775 471 per
783 398 819 473 igr

77 484 116 527 665
131 472 220 546 eripis,
233 479 263 528 ut
271 471 366 527 mediis
377 472 479 528 hostem
489 473 516 527 in
526 473 715 545 penetralibus,
727 481 810 547 utque

127 548 285 619 Ascanium,
295 555 450 619 patremque
458 559 559 610 meum,
571 547 700 621 iuxtaque
708 548 819 604 Creiisan

113 622 243 692 (alterum
252 623 280 677 in
290 620 397 676 alterius
406 629 529 677 mactatos
539 621 814 696 sanguineicernem‘i

131 696 294 762 Arma,‘viri,
305 695 369 751 ferte
379 714 465 765 arma3
487 706 562 752 vocat
571 697 620 753 iux
629 696 724 753 ultima
733 699 815 754 victos

131 771 240 828 Reddite
249 789 292 825 me
302 767 511 844 Danais;(sinite
520 772 663 828 instaurata
676 774 791 829 revisam

78 857 117 898 eru
131 846 229 920 proelia
237 844 254 909 1>
264 847 408 917 Nunquam
418 863 510 900 omnes
519 847 597 902 hodie
606 847 751 902 moriemur
762 845 819 921 inuij

168 920 236 975 Hinc
245 919 312 975 ferro
321 921 442 994 accingor
453 939 559 991 rursus,
582 921 721 995 clipeoque
728 920 819 977 sinisti

132 995 291 1050 insertabam
302 1003 402 1066 aptans,
415 1012 510 1066 meque
519 1003 592 1051 extra
601 1004 665 1052 tecta
675 996 802 1053 ferebam.

131 1071 198 1125 Ecce
207 1078 294 1125 autem
303 1069 440 1141 complexa
449 1070 528 1142 pedes
538 1071 566 1125 in
576 1070 668 1126 limine
677 1071 797 1127 coniunx

132 1145 262 1209 haerebat,
274 1161 441 1216 parvumque
450 1145 518 1218 patri
528 1145 650 1201 tendebat
660 1145 764 1202 lulum:

78 1229 118 1272 675
132 1220 160 1275 Si
170 1221 303 1292 periturus
313 1219 380 1285 abis,
392 1227 418 1274 et
425 1237 474 1275 nos
483 1237 546 1292 rape
554 1221 582 1275 in
592 1221 682 1276 omnia
690 1229 792 1291 tecum;

133 1296 175 1350 sin
185 1295 302 1367 aliquam
313 1301 436 1366 expertus
445 1295 542 1349 sumtis
554 1313 629 1370 spem
639 1296 718 1368 ponis
727 1296 756 1351 in
767 1312 819 1351 arm

133 1370 201 1424 hanc
210 1371 328 1441 primum
338 1378 421 1425 tutare
429 1368 550 1424 domum.
571 1369 620 1424 Cui
631 1388 731 1442 parvus
741 1370 819 1426 Iulus¹

133 1445 175 1498 cui
185 1454 266 1515 pater,
279 1452 303 1499 et
312 1446 428 1500 coniunx
437 1443 571 1517 quondam
581 1452 625 1503 tua
635 1445 704 1500 dieta
714 1445 819 1518 relinqu

171 1518 242 1574 Talia
253 1518 397 1574 vociferans
405 1519 505 1592 gemitu
515 1527 611 1574 tectum
621 1536 701 1575 omne
710 1519 819 1593 replebat

80 1601 118 1643 aaa
133 1610 218 1664 quum
228 1594 348 1647 subitum
358 1593 483 1664 dictuque
495 1595 578 1649 oritur
588 1593 710 1649 mirabile
719 1603 819 1650 monstr

133 1669 255 1739 Namque
265 1685 360 1721 manus
372 1668 438 1722 inter
448 1677 662 1741 maestorumque
670 1686 717 1724 ora
725 1677 819 1742 parent

134 1740 267 1796 emelevis
277 1759 384 1796 summo
393 1742 426 1796 de
435 1743 530 1798 vertice
539 1743 614 1799 visus
624 1742 675 1798 iuli

133 1814 243 1870 fundere
252 1814 343 1870 lumen
353 1833 430 1887 apex,
440 1824 563 1890 tactuque
574 1818 681 1873 innoxia
691 1817 787 1874 molles

36 1920 38 1923 ·
76 1934 86 1949 ,.
133 1889 249 1945 lambere
259 1888 365 1944 flamma
376 1908 473 1956 comas,
485 1900 511 1946 et
520 1892 620 1947 circum
631 1900 819 1965 temporapasc

70 1958 118 2016 ”685
133 1966 187 2019 Nos
196 1964 286 2036 pavidi
296 1964 424 2036 trepidare
435 1974 516 2041 metu,
528 1967 681 2039 crinemque
691 1965 819 2041 flagrante

133 2047 262 2105 excutere,
274 2047 299 2095 et
307 2048 410 2095 sanctos
420 2042 581 2115 restinguere
589 2040 706 2096 fontibus
717 2043 805 2115 igne.

133 2116 168 2170 At
176 2115 386 2186 paterAnehises
395 2114 483 2170 oculo's
492 2115 525 2170 ad
535 2115 620 2170 sidera
630 2116 714 2171 laetus
752 2184 755 2189 Ι

133 2190 237 2252 extulit,
249 2198 274 2244 et
283 2190 353 2245 melo
361 2189 463 2261 palmas
474 2207 535 2245 cum
546 2207 609 2245 voce
617 2189 738 2265 tetendit:

135 2265 415 2336 iupiteromnipotens,
430 2265 553 2336 precihus
563 2265 587 2319 si
596 2263 706 2319 flecteris
716 2263 792 2330 ullis,

80 2347 119 2390 uta
134 2338 239 2409 adspice
249 2356 310 2408 n0s;
332 2339 381 2394 hoc
391 2347 446 2395 tant
501 2357 508 2408 3
529 2347 563 2401 et.
575 2340 598 2394 si
608 2340 703 2412 pietate
711 2356 819 2396 meremr

134 2413 167 2466 da
177 2412 272 2467 deinde
280 2413 421 2480 auxilium,
433 2424 467 2486 pa
493 2432 515 2480 r,
530 2421 609 2487 atque
618 2414 682 2470 haee
691 2412 782 2470 omina
792 2412 819 2471 fir

172 2485 340 2542 Vixeaiatus
349 2496 402 2543 erat
412 2488 512 2557 semor,
534 2487 788 2562 subitoqueiragore

135 2561 249 2617 intonuit
258 2560 372 2628 laevum,
384 2572 409 2618 et
418 2563 450 2619 de
458 2563 529 2619 coelo
540 2564 611 2636 lapsa
621 2581 668 2635 per
677 2565 788 2620 umbras

128 2637 206 2698 steila
216 2636 302 2698 facem
312 2637 415 2698 ducens
425 2637 512 2696 muita
518 2637 783 2694 eumiueeeueun'u.
