1846 3052
6 90 12 109 ⁵
77 102 80 108 ’
151 124 182 166 1v
342 182 344 185 ι
427 101 667 167 PRAEFATIO.

69 220 74 232 ·
150 209 922 284 scripsi,quiesinedubiovinum'erstpraeterciboseo

150 287 369 350 memorandum,
382 295 409 342 et
417 287 466 350 IX,
478 287 529 341 337
538 288 661 351 Bacchus
674 289 776 359 pariter
786 289 922 359 simplicit

151 361 221 418 deus
232 369 417 432 nuncupetur.
432 385 471 402 -ι-
484 360 554 416 Aen.
564 364 597 427 II,
609 365 660 419 367
670 370 698 418 et
707 366 757 418 588
767 363 860 420 delevi
870 381 923 419 un

149 437 377 568 ffisffgugedlocus
387 436 448 490 sine
458 434 546 566 gobio
557 438 698 569 ellitfflio
708 437 859 568 ptroiectus.
880 440 919 493 Ae

188 553 194 577 ,
273 528 319 566 ei
362 527 449 566 msex
479 527 632 567 ervioeco
677 525 923 578 ,ucumerrant

150 529 506 660 constructionbriungetur.
533 591 602 643 Aen.
618 590 667 653 Ill,
684 590 743 652 399,
760 605 845 660 quem
861 589 921 643 locu

149 678 222 717 rece.
233 663 345 734 penitus
361 669 557 733 perverterent,
569 663 679 718 restitui
688 663 817 725 codicum
826 664 922 719 omniu

150 738 311 802 lectionem,
332 745 363 792 ut
380 737 554 809 suppleatur:
574 744 674 806 peperit
696 741 821 794 labente
841 739 922 794 Oreus

149 812 306 868 Lebebatur
316 813 390 867 enim
399 813 476 876 urbs,
484 812 557 868 bello
566 821 696 885 orto,quo
707 815 800 869 excise
811 822 864 870 est.
882 814 921 869 Ve

150 895 289 943 suentem
308 904 367 959 seq.
383 907 425 942 vv.
441 897 526 942 tomen
542 905 625 956 puero
639 889 822 945 commatibus
836 889 923 944 inclu

148 963 215 1035 quie
226 973 320 1028 tameo,
332 971 363 1017 ut
372 979 456 1034 supro
465 962 535 1027 dixi,
548 963 671 1035 positum
682 975 724 1020 est
736 981 786 1036 pro
797 970 907 1027 tametsi,

148 1038 209 1093 Ε69
223 1041 246 1103 9,
258 1041 303 1094 28
326 1037 396 1092 Aen.
407 1039 443 1102 X,
455 1041 516 1092 698.
532 1036 651 1093 -Aen
662 1039 707 1103 lV,
721 1041 771 1095 936
785 1039 860 1104 ded1
874 1056 923 1110 qu

148 1113 273 1168 volueret
286 1113 423 1187 lleynius:
440 1116 572 1168 cumulata
584 1123 661 1178 sorte,
673 1122 704 1169 ut
717 1115 825 1170 scrisit
838 1113 917 1170 dasC

147 1188 243 1261 pisel.-
239 1189 319 1244 ·Nem
329 1187 442 1260 vulgata
452 1190 610 1242 cumulatam
619 1198 701 1244 morte
710 1190 793 1281 plane
807 1206 918 1245 sensuc

148 1271 200 1319 ret.
220 1261 289 1319 Aen.
300 1264 345 1329 lV,
360 1266 421 1321 629.
436 1263 544 1319 restitui
559 1274 669 1331 nepotes,
681 1270 737 1319 ut
726 1283 828 1335 ipsaque
839 1265 907 1321 siti

147 1339 204 1411 ipsi
218 1355 340 1411 quoque
370 1339 440 1394 Aen.
455 1339 499 1403 lV,
516 1340 563 1394 699
580 1337 645 1393 dedi
660 1340 789 1395 codicum
803 1340 920 1396 lectione

148 1414 345 1471 Servienorum
364 1418 520 1477 celebrabat,
549 1416 680 1485 quonium
699 1414 775 1471 idem
794 1416 915 1487 antiquit

148 1492 279 1546 celebrare
293 1497 321 1544 et
334 1493 456 1554 celerare,
470 1496 497 1544 et
506 1488 642 1563 Virgilius
652 1491 806 1546 innumeris
822 1491 891 1546 locis
904 1508 919 1545 6

149 1564 287 1621 cheismos
300 1563 393 1618 hebet.
414 1562 456 1618 Ci.
472 1564 561 1619 Pleut.
578 1564 679 1620 Pseud.
692 1568 714 1631 Ι,
726 1569 751 1630 2,
767 1569 810 1622 36.
829 1566 889 1622 Mil.
901 1568 913 1621 l

149 1642 230 1706 9,6.9
247 1639 355 1695 Gellius
364 1640 531 1702 xlx,.-l
544 1639 612 1695 Aen.
625 1641 657 1705 V,
670 1641 729 1705 399,
746 1641 848 1696 sustuli
862 1642 919 1696 inte

147 1715 336 1787 punctionem,
352 1722 384 1768 ut
396 1719 470 1769 nobas
479 1730 542 1768 cum
552 1725 707 1770 memoratus
716 1716 858 1790 iungetur
878 1716 918 1771 Ae

147 1791 192 1856 Vl,
209 1793 269 1845 669.
284 1807 362 1845 aures
376 1787 441 1843 dedi
457 1806 492 1844 ex
506 1789 588 1845 codd.
603 1789 678 1862 apud
696 1769 819 1846 Pierium
839 1800 866 1846 et
879 1792 920 1846 liu

148 1882 291 1920 mannum.
313 1864 382 1919 Aen.
388 1864 444 1927 Vll,
460 1866 632 1920 ll71t1dem
624 1869 875 1938 interpunctionem
886 1885 923 1922 ι

147 1943 215 1997 tevi.
236 1941 270 1995 Et
285 1941 353 1995 item
363 1941 419 2004 Vll,
431 1943 478 1995 399
495 1940 544 1995 ubi
559 1952 595 1996 ex
608 1940 753 1997 codicibus
767 1943 902 1998 restituic

146 2033 205 2082 ros,
228 2014 303 2087 quod
324 2016 418 2087 ipsum
436 2015 477 2069 ibi
496 2015 654 2071 subiectum
675 2034 736 2072 esse
756 2035 791 2073 ne
810 2016 920 2073 dubitet

146 2090 216 2148 Aen.
226 2091 283 2156 Vll,
296 2093 344 2146 999
356 2092 448 2162 inepte
458 2090 523 2145 libri
533 2091 636 2146 hebent
645 2102 745 2163 966669,
757 2109 807 2165 pro
817 2109 873 2165 quo
884 2093 919 2147 ab

146 2183 201 2239 que
216 2165 302 2221 dubio
315 2176 408 2235 669669
425 2167 625 2237 reponendum.
646 2167 688 2223 cf.
703 2185 733 2224 v.
748 2171 810 2223 660.
825 2199 864 2210 -
876 2168 916 2223 Ae

146 2244 203 2307 Vll,
216 2245 265 2297 363
276 2258 340 2296 cum
348 2239 532 2297 Wakefieldio
544 2246 665 2312 penetret
678 2243 785 2298 dictum
794 2243 884 2298 habeo
897 2261 916 2315 p

142 2323 290 2388 penetrauit
309 2317 434 2388 entique,
467 2316 503 2371 ci.
523 2318 632 2374 Lucret.
652 2318 701 2383 Vl,
717 2320 778 2373 686.
798 2349 837 2361 -
856 2319 919 2373 Ets

146 2393 236 2466 pluro,
252 2393 287 2447 de
300 2391 404 2464 quibus
418 2390 533 2447 fortasse
545 2393 600 2471 6996
614 2394 673 2450 9666
685 2393 788 2450 dicturi
800 2410 909 2450 sumus,

201 2501 261 2558 Sor.
275 2482 352 2574 ιιριζ
366 2519 406 2569 m,
419 2500 478 2557 Oct.
493 2519 519 2558 a.
533 2492 628 2563 ιιιι9.

771 2609 903 2673 Weise.
