1846 3052
76 174 78 186 ¹
149 153 183 209 76
314 161 345 207 1³.
364 157 535 207 vmelmi
553 158 728 206 ronltoms

149 259 226 316 Multi
236 259 288 314 iam
298 267 415 315 excretos
424 259 564 330 prohibent
573 277 589 314 o
598 260 729 316 matrrbus
738 260 837 318 haedos

149 335 288 407 primaque
297 333 398 389 ferratis
408 334 556 407 praefigunt
564 351 610 389 ora
618 335 751 407 capistris.

94 415 135 463 tto
149 409 226 476 Quod
235 416 359 483 surgente
366 410 410 464 die
420 408 534 464 mulsere
543 410 668 481 horisque
677 409 793 477 diurnis,

149 490 371 555 noctepremunt3
392 483 527 555 quodiam
538 484 651 539 tenebris
660 492 686 539 et
694 484 751 541 sole
757 485 837 541 eaden

149 560 201 614 sub
211 557 296 614 lucem
307 566 447 630 exportans
456 557 566 613 calathis
575 559 629 613 adit
638 560 736 631 oppida
744 568 834 632 pastor

150 640 196 688 aut
205 649 283 704 parco
292 632 347 688 sale
354 634 520 704 contingunt,
534 633 668 704 hiemique
677 643 820 706 reponunt.

188 709 243 763 Nec
251 707 300 763 tibi
309 724 372 762 cura
381 724 478 762 canum
487 707 566 761 luerit
573 717 720 779 postrema:
740 709 837 765 sedunr

96 789 136 836 tot
150 781 252 838 veloces
261 781 368 853 Spartae
376 782 477 836 catulos
487 799 627 854 acremque
636 783 783 839 Molossum

149 873 228 928 pasce
236 873 294 911 sero
302 856 408 930 pingui.
428 857 572 928 Nunquam
582 858 737 912 custodibus
747 858 803 913 illis

150 938 308 986 nocturnum
318 930 430 986 stabulis
439 930 525 986 furem
535 932 712 1005 incursusque
720 932 837 1006 luporun

151 1013 196 1060 aut
205 1005 371 1076 impacatoso
381 1013 454 1079 tergo
464 1007 581 1061 horrebis
591 1008 686 1062 Iberos.

150 1079 231 1152 Saepe
240 1080 318 1135 etiam
328 1097 409 1136 eursu
419 1081 525 1136 timidos
536 1081 649 1155 agitabis
658 1098 781 1150 onacros,

96 1162 135 1210 tto
150 1162 175 1210 et
184 1155 294 1210 canibus
304 1154 428 1227 leporem,
440 1157 551 1212 canibus
561 1157 689 1212 venabere
698 1123 807 1228 dbmas3

150 1248 227 1302 saepe
234 1229 381 1286 volutabris
391 1231 482 1303 pulsos
491 1231 656 1287 silvestribus
669 1248 747 1304 apros

151 1304 244 1361 latratu
255 1305 375 1361 turbabis
384 1324 474 1380 agens,
486 1315 641 1378 montesque
649 1324 697 1379 per
705 1306 772 1362 eltos

150 1381 284 1454 ingentem
293 1381 406 1436 elamore
414 1398 518 1453 premes
528 1381 561 1436 ad
571 1382 634 1436 retia
644 1399 763 1438 cervum.

188 1455 263 1510 Disoe
272 1463 298 1510 et
306 1455 440 1511 odoratam
449 1456 561 1512 stabulis
571 1456 709 1512 accendere
718 1456 837 1525 cedrum,

97 1536 137 1584 tls
150 1528 332 1659 galbaneoque
343 1531 441 1603 agitare
449 1549 543 1602 graves
552 1532 643 1586 nidore
651 1531 823 1609 chelydros.)

169 1620 232 1676 aepe
241 1603 293 1658 sub
303 1604 420 1659 immotis
430 1607 600 1678 praesepibus
610 1614 656 1661 aut
665 1608 735 1662 mala
744 1613 816 1662 tactu

149 1678 240 1749 vipera
249 1676 362 1743 delituit,
372 1678 530 1751 coelumque
538 1682 660 1736 exterrita
669 1680 751 1755 lugit;

138 1760 196 1811 ‚aut
205 1759 270 1807 teoto
280 1752 406 1808 adsuetus
416 1754 523 1809 coluber
532 1756 670 1811 subsedere
679 1765 704 1810 et
713 1756 833 1819 umbrae.

150 1828 232 1899 pestis
241 1827 333 1882 acerba
344 1828 435 1894 boum,
446 1830 587 1902 pecorique
596 1831 751 1906 adspergere
760 1832 837 1887 virus

96 1909 136 1958 tto
150 1901 346 1959 lovithumum.
359 1904 429 1976 Cape
438 1921 501 1959 sexa
512 1923 602 1969 manu,
616 1923 679 1978 cape
688 1907 789 1972 robora,
799 1925 837 1979 par

150 1976 337 2050 tollentemque
345 1979 433 2035 minas
441 1987 468 2034 et
476 1979 554 2034 sibila
564 1980 629 2036 oolla
639 1989 785 2036 tumentem

151 2052 243 2109 deiioe.
263 2053 444 2128 Iamqueiuga
455 2055 580 2110 timidum
591 2064 670 2127 caput
678 2056 780 2110 abdidit
789 2054 837 2110 alte

151 2145 237 2200 quum
246 2129 328 2184 medii
338 2147 424 2186 nexus
433 2137 618 2202 extremaeque
627 2131 733 2205 agmina
743 2131 837 2185 caudae

152 2203 301 2269 solvuntur,
313 2205 456 2276 tardosque
464 2205 544 2259 trabit
553 2206 630 2260 sinus
640 2205 752 2259 ultimus
761 2206 837 2260 orbes

2 2270 8 2285 '
96 2284 137 2333 tto
150 2279 198 2332 Est
206 2278 284 2333 etiam
297 2279 341 2333 ille
350 2279 564 2335 malusCalabris
574 2281 602 2335 in
612 2280 724 2335 saltibus
734 2281 837 2356 anguis!

152 2369 280 2424 squamea
288 2353 448 2409 convolvens
458 2354 562 2410 subluto
571 2366 674 2427 pectore
683 2363 765 2429 tergo,

153 2434 231 2499 atque
241 2428 309 2482 notis
319 2427 426 2502 longam
435 2429 586 2484 maculosus
596 2430 743 2504 grandibus
753 2429 837 2485 alvun

153 2501 210 2575 qui,
220 2502 285 2557 dum
296 2520 387 2557 amnes
397 2503 446 2558 ulli
456 2513 617 2577 rumpuntur
626 2505 751 2568 tontibus,
761 2516 788 2560 et
796 2504 837 2560 du,

150 2594 212 2634 vere
220 2577 329 2635 madent
338 2578 393 2634 udo
401 2586 483 2634 terrae
495 2597 525 2634 ac
534 2579 697 2652 pluvialibus
708 2580 815 2645 austris,

77 2655 327 2733 {castagnaoolit;
350 2655 475 2736 ripisque
482 2654 837 2725 babitans,bicp'xso'xbosat
