1846 3052
153 158 204 215 282
318 163 349 208 Ρ.
368 159 538 208 VIRGILII
554 158 729 206 MARONIB

153 263 270 337 pellibus
278 262 307 327 in
316 278 416 318 merem
424 260 511 326 cincti,
522 257 698 332 flammasque
705 257 829 315 mebant

154 341 303 395 Instaurant
312 335 413 409 epulae,
424 342 449 391 et
458 351 565 390 mensae
575 340 648 408 grata
661 333 791 390 secrrndae

153 413 222 468 dena
230 412 327 478 ferunt,
338 410 528 483 cumulantque
536 408 650 464 oneratis
660 407 782 465 lancibus
790 425 857 464 eras.

100 499 139 542 285
154 488 223 543 Tum
233 485 297 542 Salii
306 485 340 541 ad
349 493 451 551 cannis,
464 485 570 540 incensa
578 481 670 539 alteus
679 482 790 550 circum,

154 560 274 634 populeis
283 560 380 622 adsunt
388 559 483 616 evincti
492 567 608 632 tempera
617 557 713 626 ramis3

154 637 198 691 bic
207 637 336 692 iuvenum
344 635 449 700 chorus,
457 632 501 689 ille
509 631 890 706 senum3quicarminelaudes

154 709 292 772 Herculeas
302 717 328 766 et
336 709 402 764 iacta
411 709 511 766 lerunt:
530 716 561 763 ut
568 708 656 781 primu
664 723 793 763 novercae

154 792 270 840 monstra
293 802 375 839 manu
397 785 570 857 geminosque
588 798 713 855 premens
733 781 834 839 eliserit
850 799 892 839 en·

683 872 727 926 θ’»

100 944 139 987 rso
154 940 183 988 ut
192 932 261 988 belle
270 933 388 1006 egregins
399 932 469 986 idem
481 931 612 994 disiecerit
620 874 712 997 uillis,

156 1009 314 1079 Troiamque
323 1005 541 1078 Oechaliamque,
562 1013 592 1061 ut
601 1005 683 1061 duros
693 1003 769 1061 mille
778 1003 876 1062 labores

153 1100 215 1156 rege
224 1083 276 1138 sub
284 1083 441 1155 Eurystheo,
452 1080 512 1136 latis
521 1081 630 1136 lunonis
640 1080 759 1152 iniquae,

153 1156 297 1229 pertulerit.
328 1158 369 1212 Tu
378 1156 534 1230 nubigenas,
546 1155 652 1221 invicte,
664 1154 838 1220 bimembres,

154 1231 338 1307 Hylaeumque
346 1230 520 1302 Pholumque,
532 1246 623 1295 manu,
637 1236 668 1285 tu
677 1229 768 1286 Cresia
778 1236 872 1285 madae

101 1318 139 1360 aaa
153 1307 282 1381 prodigia,
295 1315 321 1360 et
330 1314 434 1360 vastum
445 1307 556 1360 Nemeae
565 1304 616 1360 sub
626 1320 692 1376 rupe
700 1303 815 1361 leonem.

155 1383 192 1436 Te
200 1381 285 1455 Stygii
294 1387 423 1436 tremuere
432 1379 513 1444 lacus,
524 1387 550 1434 te
559 1379 654 1434 ianitor
665 1377 727 1434 Orci

155 1473 214 1511 essa
224 1473 304 1526 super
312 1455 439 1510 recubans
448 1460 523 1510 antro
533 1471 634 1509 semesa
641 1462 766 1522 cruente3

155 1547 203 1585 nee
212 1537 236 1583 te
245 1528 315 1584 ullae
325 1529 411 1595 iacies,
425 1545 479 1584 nen
488 1531 580 1583 terruit
589 1529 645 1600 ipse
655 1528 801 1602 Typhoeus

156 1604 264 1668 arduus,
276 1621 349 1658 arma
358 1611 464 1673 teneus,
486 1621 538 1659 non
547 1611 573 1658 te
585 1602 692 1658 rationis
702 1611 824 1677 &ntem

102 1689 141 1731 suu
155 1680 286 1733 Lernaeus
296 1679 372 1733 turba
383 1678 498 1750 capitum
507 1677 676 1733 circumstetit
685 1677 794 1751 anguis.

155 1751 241 1817 Salve,
253 1769 314 1807 vera
323 1753 392 1807 lovis
401 1752 496 1823 proles,
509 1753 588 1808 decus
598 1752 685 1807 addite
692 1750 781 1808 divis:

155 1834 181 1882 et
192 1844 250 1890 nos,
264 1833 289 1881 et
299 1834 343 1880 tua
353 1827 443 1882 dexter
452 1827 495 1882 adi
505 1827 571 1899 pede
580 1843 652 1882 sacra
660 1825 788 1881 secrrndo.

156 1900 228 1956 Talin
237 1902 400 1956 carminibus
410 1901 554 1957 celebrant:
575 1919 654 1973 super
663 1901 753 1957 emnia
762 1900 825 1957 Caci

155 1975 308 2048 speluncam
317 1976 452 2042 adiiciunt,
467 1977 665 2048 spirantemque
677 1975 789 2049 ignibus
797 1976 892 2048 ipsum.

102 2060 142 2104 aue
156 2052 287 2108 consonat
296 2068 374 2107 omne
383 2068 478 2105 nemus
487 2051 606 2122 strepitu,
618 2048 750 2121 collesque
759 2049 892 2108 resultent.

192 2126 262 2181 Exin
271 2142 300 2181 se
308 2127 393 2181 cuncti
405 2126 504 2181 divinis
512 2126 592 2180 rebus
602 2124 636 2180 ad
643 2124 738 2180 urbem

155 2199 275 2272 perlectis
283 2199 407 2256 referunt.
436 2201 493 2256 lbet
502 2218 548 2257 rex
557 2200 660 2256 obsitus
670 2215 743 2265 aevo,

156 2283 182 2329 et
191 2275 313 2330 comitem
324 2276 429 2331 Aenean
439 2275 511 2330 iuxta
522 2281 666 2346 natumque
675 2272 780 2329 tenebat

157 2348 316 2422 ingrediens,
329 2351 454 2422 varioque
463 2350 534 2405 viam
545 2365 664 2404 sermone
673 2347 787 2403 levabat.

104 2433 143 2479 tit
157 2424 274 2488 Miratur,
285 2423 427 2496 facilesque
437 2422 526 2479 oculos
535 2424 584 2478 lert
592 2422 681 2478 emnia
689 2424 791 2478 circum

157 2497 267 2561 Aeneas,
282 2498 436 2570 capiturque
446 2498 523 2566 locis;
545 2506 570 2554 et
579 2497 685 2571 singula
695 2496 780 2553 laetus

156 2572 327 2648 exquiritque
334 2572 460 2646 auditque
468 2574 558 2628 virum
567 2579 738 2628 monumenta
749 2571 880 2644 priorum.

154 2651 226 2711 Tum
238 2670 289 2712 rex
298 2646 718 2720 Evandrusbcmanaeccubucr
725 2645 809 2700 arcia:
