1846 3052
133 155 331 204 AENEIDOS
349 155 418 202 ΜΒ.
438 155 484 202 vl.
634 149 684 204 243

100 257 173 312 uitur
182 256 277 321 sedne,
289 264 334 311 aut
343 255 465 311 exuritur
473 254 538 327 igni.

98 348 130 386 es
139 330 377 405 patimurManesfl
392 329 488 385 exinde
497 345 544 400 per
553 327 671 399 amplum

100 405 210 480 lyeium,
224 414 250 461 et
258 406 335 477 pauci
345 405 409 461 laeta
420 421 483 460 arva
491 411 626 458 tenemus:

98 481 185 545 adies,
197 480 308 552 perfecie
318 480 444 551 temperie
453 479 526 542 erbe,
700 485 739 530 745

98 557 194 611 exemit
203 555 299 620 labem,
310 571 464 626 purumque
474 553 582 625 reliquit

98 648 215 696 aeneum,
226 638 306 702 atque
313 630 387 685 aurai
398 627 529 700 simplicis
537 628 636 701 ignem.

98 747 104 770 ,
115 705 163 759 uhi
173 705 247 759 mille
255 711 338 759 rotem
350 703 456 760 volvere
465 719 513 773 per
520 718 613 765 annes,

98 779 128 834 ad
137 778 251 834 fluvium
260 779 325 833 deus
334 785 423 833 evocat
432 776 539 850 agmine
547 792 659 850 magno:
672 775 726 853 ςυ

98 871 216 909 nemetes
226 870 321 924 supera
330 861 360 906 ut
368 868 486 907 eenvexa
497 851 614 906 revisant
687 842 739 904 750

101 929 218 999 ncipiant
227 929 254 982 in
266 944 373 998 eorpora
382 925 450 982 velle
460 927 564 982 reverti.

99 1002 235 1057 dnehiseez
256 1008 402 1073 natumque
411 1017 519 1072 unaque
527 997 658 1072 Sibyllam

99 1077 175 1130 trahit
185 1077 213 1130 in
223 1075 333 1141 medies,
344 1076 504 1146 turbamque
513 1081 664 1128 sonantem:

99 1151 198 1222 neapit,
209 1151 280 1205 unde
290 1167 382 1205 omnen
392 1150 471 1222 longe
482 1147 575 1203 ordine
582 1148 666 1219 pessit

99 1242 169 1298 gere,
179 1233 205 1280 at
214 1225 368 1281 venientum
377 1225 477 1278 discere
485 1222 586 1277 vultus.
701 1233 740 1275 755

99 1317 130 1370 ;e,
148 1299 306 1355 Dardaniam
324 1297 425 1371 pmlem
444 1315 514 1369 quae
529 1296 625 1352 deinde
644 1313 687 1351 se-

434 1380 533 1443 quatur

104 1457 226 1503 maneant
235 1449 298 1503 Itala
308 1447 428 1521 degente
437 1453 554 1518 nepetae,

99 1524 182 1589 rimas,
193 1531 368 1595 nostrumque
376 1523 402 1577 in
416 1539 511 1577 nemen
521 1522 614 1586 iturae,

99 1599 176 1663 lictis,
189 1607 214 1653 et
223 1607 248 1654 te
256 1607 301 1653 tua
312 1597 362 1652 faia
374 1593 498 1673 docebui

104 1691 170 1745 pura
179 1674 283 1729 iuvenis
293 1673 341 1745 qui
351 1673 443 1727 nititur
452 1672 536 1736 hasta,
701 1680 741 1723 feo

99 1756 142 1804 »rte
154 1756 222 1804 tenet
232 1748 299 1803 lueis
308 1747 373 1814 loca,
388 1748 492 1819 primus
504 1746 539 1802 ad
548 1764 627 1801 auras

99 1824 145 1879 :ale
156 1825 317 1879 eommixtua
327 1823 458 1896 sanguine
465 1830 564 1896 surget,

99 1899 197 1954 banum
209 1916 315 1964 nomen,
326 1905 371 1952 tua
383 1906 506 1968 postuma
515 1895 615 1968 proles:

101 1991 218 2047 engaeve
227 1991 318 2028 serum
327 1973 439 2028 Lavinia
447 1973 566 2027 enniunx

99 2049 120 2102 is
132 2066 231 2122 regem,
246 2065 394 2122 regumque
402 2054 551 2118 parentem:
703 2053 742 2096 765

99 2123 208 2196 aLenga
217 2132 338 2179 nestrum
347 2121 527 2177 dominabitur
535 2117 610 2173 Alba.

100 2197 139 2252 dle
149 2199 251 2262 Preces,
264 2198 391 2253 Troianae
399 2195 484 2269 gloria
493 2193 588 2268 gentis,

100 2274 255 2339 dNumiten
269 2282 294 2328 et
303 2273 351 2344 qui
362 2280 386 2327 ie
395 2270 502 2326 nemine
511 2266 602 2322 redde

100 2364 165 2413 reae,
179 2350 274 2420 pariter
283 2349 377 2420 pietate
386 2345 428 2401 vel
438 2343 521 2399 umis

100 2423 242 2495 iunquam
252 2421 414 2497 regnandam
424 2417 549 2491 aeeeperit
559 2414 665 2472 Albam.
703 2425 743 2467 πο
815 2490 823 2508 .

100 2498 129 2552 ei
152 2507 266 2570 quantes
276 2502 414 2560 ostentant,
424 2495 539 2566 adspice,
551 2490 635 2547 vireai

100 2580 164 2629 irata
175 2582 271 2648 gerunt
280 2571 351 2628 civili
362 2579 478 2642 tempera
487 2583 597 2642 quemn.

100 2655 212 2715 ronam,
224 2656 249 2705 et
259 2648 369 2716 Gabios,
378 2632 718 2724 urbemqueiidenamii

547 2736 606 2806 Ὦ
