1846 3052
132 151 181 204 180
297 156 325 201 P.
345 150 515 201 VIRGILII
531 149 706 199 eunome

130 259 199 312 llaec
207 255 344 311 alternanti
354 253 439 325 potior
447 250 575 307 sententia
583 250 642 307 visa
649 248 705 307 esi:

130 330 265 387 Mnesthea
286 328 490 403 Sergestumque
509 333 585 383 vocat
609 324 705 381 fortem
745 342 762 381 e
784 326 840 383 cm

622 400 717 457 thum:

131 479 241 534 classem
251 484 339 550 aptent
347 477 432 541 taciti,
443 476 582 548 sociosque
590 474 625 530 ad
634 474 712 531 litora
720 482 825 551 nogant,

77 566 117 610 eea
132 571 205 609 arma
213 560 319 625 parent,
328 559 354 607 et
362 568 432 624 quae
443 551 478 606 sit
486 550 566 605 rebus
574 566 669 605 caussa
678 550 822 617 novandis,

114 627 314 699 ‚dissimulentt
334 626 511 691 seseinterea,
522 624 817 697 quaudooptimallidu

95 728 98 733 ·
132 703 281 766 neseiat,et
290 709 375 757 tantus
384 701 475 772 rumpi
484 717 538 755 non
551 706 637 770 speses
645 716 762 765 amores,

132 770 291 833 tenEturum
302 776 403 841 aditus,
414 783 439 830 et
450 791 519 846 quae
526 768 684 829 mollissima
692 772 771 831 fandi

132 862 263 923 tempora,
275 851 337 922 quis
347 850 427 905 rebus
437 849 527 904 dexter
535 848 641 904 modus.
670 847 840 906 oumomm

79 939 119 982 295
133 926 243 998 imperio
252 924 312 979 laeti
321 932 426 996 parent,
439 941 469 978 ae
478 925 550 978 iussa
559 922 704 979 lacessunt.

172 1001 206 1056 At
215 1000 306 1073 regina
317 999 391 1054 dolos
398 999 469 1071 (quis
477 997 567 1053 lallare
576 998 661 1069 possit
668 997 832 1072 amantem‘l)

134 1074 291 1149 praesensit,
303 1080 444 1146 motusque
455 1073 557 1144 sxoepit
564 1073 651 1144 prima
661 1070 777 1137 lunam,

96 1154 101 1161 ’
133 1148 403 1207 omniatutatimens.
431 1148 531 1202 Eadem
540 1147 622 1219 impia
630 1148 714 1203 Fama
723 1147 820 1203 lassanti

135 1224 242 1289 detulit,
255 1224 351 1279 armari
360 1222 484 1288 classem,
495 1238 659 1294 cursumque
669 1223 770 1294 peram.

81 1311 120 1355 aaa
135 1300 222 1356 Saevit
231 1299 308 1371 inops
320 1298 417 1363 animi,
429 1304 563 1369 totamque
572 1296 680 1353 ineensa
688 1314 739 1369 par
747 1297 837 1353 urbem

135 1374 289 1429 baechatur:
310 1372 399 1446 qualis
407 1372 544 1427 summotis
553 1371 732 1427 excitaueris

135 1449 250 1522 Thyias,
260 1448 308 1503 ubi
321 1447 410 1503 audito
419 1445 556 1501 stimulant
565 1446 692 1501 trieterica
699 1446 802 1502 Bueehu

136 1524 223 1596 orgia,
235 1530 434 1594 nocturnusque
441 1527 517 1575 vocat
525 1520 639 1577 clamore
648 1520 801 1577 Cithaeron.

137 1596 255 1651 Tandem
264 1596 308 1650 his
317 1597 424 1651 Aenean
432 1595 572 1667 compellat
581 1595 691 1650 vocibus
700 1594 787 1651 ultan:

82 1682 121 1725 aas
172 1670 344 1725 Dissimulare
353 1672 431 1725 etiam
442 1670 565 1742 sperasti,
576 1669 689 1742 perlida,
700 1677 807 1726 mutum

136 1742 667 1818 posseneias,tacitusquemeadeeedere
675 1744 767 1801 ten-ss

137 1826 410 1884 neeteuosteramor,
423 1819 686 1875 nectedatadextera
754 1820 839 1891 ndum,

137 1911 186 1951 nec
196 1893 322 1948 moritura
333 1901 402 1949 tenet
410 1894 508 1950 crudeli
519 1893 611 1950 funem
618 1892 704 1949 nido?

137 1969 207 2037 Quin
217 1969 295 2024 eliam
305 1969 416 2024 hiberno
429 1969 529 2024 moliris
539 1968 624 2025 sidere
631 1968 756 2035 classem,

84 2055 123 2099 alu
138 2053 164 2101 et
175 2044 270 2100 mediis
279 2061 403 2117 properas
411 2043 590 2115 Aquilonibus
599 2043 639 2098 ire
646 2042 799 2115 paralium,

138 2118 271 2175 crudelis?
288 2119 377 2186 Quid?
394 2119 480 2173 sinon
491 2117 805 2191 arvaalienadomusque

139 2196 242 2267 ignotas
250 2200 401 2267 potasset
411 2194 487 2248 Troia
495 2193 742 2265 antiquamaneret,

139 2269 215 2323 Troia
225 2287 272 2339 per
279 2270 414 2325 undosum
423 2275 552 2340 peteretur
560 2266 692 2323 elassibus
703 2265 821 2341 aequor?

139 2342 838 2417 Meneiugis‘lPeregohaslacrimasdextramquetuam

86 2428 125 2471 315
139 2418 248 2490 quando
260 2417 334 2472 aliud
347 2418 414 2472 mihi
428 2419 481 2472 iam
491 2418 602 2472 miserae
610 2416 678 2471 nihil
689 2418 749 2490 ipsu
756 2416 838 2488 reliqu

141 2511 187 2566 per
199 2492 331 2547 connubia
341 2500 442 2558 nostra,
454 2510 501 2564 per
510 2494 626 2564 inceptas
635 2493 812 2566 Hymenaeus,

142 2568 165 2621 si
175 2568 243 2623 bene
253 2567 320 2639 quid
330 2567 362 2622 de
373 2575 400 2622 te
408 2569 507 2631 merui,
517 2566 569 2622 fuit
580 2574 626 2621 aut
634 2566 683 2621 ubi
695 2566 838 2640 quidquam

137 2643 218 2705 dulus
229 2662 339 2703 meum:
358 2643 487 2701 misensis
493 2641 838 2701 summimus,st
