1846 3052
164 127 213 183 l30
329 133 358 178 P.
377 127 548 178 VIRGILII
564 128 741 176 MARONIS

109 246 149 289 285
163 241 189 289 et
198 230 312 308 graviter
322 238 418 304 questu
428 229 523 285 Carme
531 227 676 301 complorat
685 228 765 285 anili:

164 308 264 364 Omihi
274 320 346 363 nuno
355 307 451 360 iterum
460 303 575 359 erudelis
584 302 685 358 reddite
697 305 795 372 Minoa,

163 379 606 439 eiterumnostraellliuosinimiea
614 386 743 445 senectae,

163 474 267 530 semper
276 463 310 522 et,
322 455 441 511 autolim
449 462 519 520 nata,
531 471 547 511 ο
558 461 584 508 te
592 461 698 527 propter
707 454 833 522 eundem,

164 539 210 588 aut
218 549 291 587 amor
302 533 411 586 insanae
419 530 520 585 luctum
529 529 642 602 portavit
652 529 787 586 alumnae.

109 616 149 660 200
164 608 291 680 Tenaego
300 613 354 660 tam
367 605 444 680 longe
451 610 526 676 napta
534 611 712 676 atquenvecta
722 603 844 685 nequivi.¹

164 690 218 735 tarn
228 697 309 754 grave
318 681 464 745 servitium,
476 687 530 735 um
539 679 620 734 duros
629 696 709 750 passa
719 678 832 746 laboras,

163 755 286 828 effugere,
298 763 328 811 ut
338 757 430 810 sistam
440 755 553 809 exitium
561 754 666 809 crudele
676 753 818 811 meorum?

164 831 218 883 lam
230 829 282 883 iam
294 846 342 884 neo
350 830 427 885 nobis
435 847 474 893 ea,
486 847 555 898 quae
563 829 724 895 senioribus,
736 829 827 885 ullum

164 904 237 976 eopia
247 903 355 958 vivendi
364 903 433 959 vitae
441 921 535 976 genus.
554 903 590 959 Ut
601 903 668 976 quid
677 922 727 978 ego
736 921 831 961 amaus

110 988 149 1032 205
163 987 189 1034 te
198 986 294 1050 erepta,
309 977 492 1043 oBritomarti‚
505 995 711 1050 meaespasuna
721 980 827 1046 salutis,

166 1062 198 1116 te,
210 1054 367 1118 Britomarti,
379 1052 449 1108 diem
459 1053 532 1125 potui
542 1054 687 1125 producere
694 1054 786 1111 vitae?

165 1129 251 1200 Atque
261 1129 362 1182 utinam
372 1127 446 1182 aeleri
458 1145 491 1182 ua
500 1135 602 1182 tanturn
611 1136 686 1201 grata
696 1131 798 1186 Dianae

164 1209 275 1256 venatus
288 1219 360 1257 esses
369 1203 444 1275 virgo
453 1210 547 1257 sectata
556 1203 684 1268 virorum,

165 1276 277 1331 Gnossia
287 1294 339 1332 neu
349 1278 443 1332 Partho
451 1277 610 1332 oontendeus
620 1277 724 1349 spicula
732 1293 818 1334 eornu

110 1359 150 1403 tut
164 1351 280 1405 Dictaeas
289 1369 379 1425 ageres
388 1351 421 1406 ad
430 1352 550 1424 gramina
557 1359 618 1407 nota
627 1351 756 1424 capellas:

164 1442 313 1497 nunquam,
324 1433 379 1480 tam
388 1425 485 1481 obnixa
496 1425 601 1499 fugiens
610 1428 707 1483 Minois
716 1444 830 1494 amores,

164 1516 287 1571 praeceps
297 1501 379 1554 nareis
389 1499 495 1570 specula
505 1501 684 1556 dementibus
696 1502 779 1558 isses:

164 1573 235 1629 unde
244 1574 289 1628 alii
299 1573 398 1648 fugisse
407 1573 502 1636 lerunt,
513 1583 540 1630 et
548 1576 658 1631 numina
671 1576 795 1648 Aphaeae

165 1648 277 1721 virginis
287 1650 435 1722 assignant3
457 1649 511 1714 alii,
527 1667 582 1722 quo
590 1651 676 1706 notior
685 1668 771 1718 esses,

110 1730 149 1773 005
164 1722 321 1795 Dictynnam
332 1723 422 1778 dixere
430 1732 476 1778 tuo
486 1724 519 1779 de
528 1725 636 1780 nomina
644 1727 761 1781 Lunam.

164 1797 222 1851 Sint
232 1796 295 1850 haec
304 1814 366 1852 vera
376 1797 470 1853 velim:
491 1799 558 1854 mihi
567 1807 643 1864 uerte,
653 1808 745 1873 gnata,
758 1802 861 1873 peristi

164 1872 308 1942 Nunquam
317 1873 902 1943 egotesummovolitantaminvertieamont'u

165 1947 299 2020 Hyrcanos
311 1946 378 2000 inter
385 1948 494 2002 nomitas
504 1966 653 2022 agmenque
661 1949 783 2007 ferarum

165 2020 334 2092 pompinium,
347 2038 395 2075 nee
404 2029 429 2076 00
439 2022 590 2079 redeuntem
601 2023 725 2095 amplexa
735 2027 841 2084 tenebo.

110 2101 150 2144 010
164 2096 263 2152 Verum
278 2095 342 2151 haeo
351 2102 409 2150 tum
424 2097 502 2152 nobis
511 2099 601 2170 gravia
611 2106 691 2170 atque
701 2100 817 2176 indigna
825 2101 900 2167 luet.

165 2176 231 2234 tum,
244 2188 302 2224 mea
312 2170 429 2236 alumna,
440 2172 480 2225 tui
489 2189 550 2227 oum
563 2190 624 2244 spes
634 2174 739 2247 integra
749 2186 879 2248 manaret3

164 2251 190 2298 et
198 2261 251 2298 vox
260 2246 309 2298 ista
318 2263 389 2300 meas
399 2246 517 2301 nondum
527 2246 669 2303 violaverat
679 2267 770 2307 auras.

165 2319 235 2372 Tene
243 2320 320 2372 etiam
330 2322 445 2375 Fortuna
456 2322 523 2376 mihi
532 2322 646 2377 crudelis
655 2324 778 2381 ademit?

165 2401 231 2456 tene,
245 2393 325 2448 osola
334 2412 408 2450 meae
417 2397 524 2452 vivendi
532 2414 625 2453 caussa
636 2400 778 2456 senectae?

112 2477 150 2521 315
165 2468 246 2539 Saepe
255 2475 300 2523 tuo
309 2468 381 2523 dulci
390 2471 573 2543 nequidquam
583 2480 658 2544 capta
669 2491 777 2546 sopore,

165 2562 228 2603 eum
238 2552 366 2620 premeret
373 2552 477 2612 natura,
486 2548 554 2602 mori
564 2547 684 2604 mavelle
694 2553 803 2626 negari,

164 2634 194 2688 ut
208 2626 262 2686 tibi
271 2623 385 2704 Corque
393 2621 768 2701 ganemanusnnntuea
