<?xml version="1.0" encoding="UTF-8"?>
<!DOCTYPE html PUBLIC "-//W3C//DTD XHTML 1.0 Transitional//EN"
    "http://www.w3.org/TR/xhtml1/DTD/xhtml1-transitional.dtd">
<html xmlns="http://www.w3.org/1999/xhtml" xml:lang="en" lang="en">
 <head>
  <title>
</title>
<meta http-equiv="Content-Type" content="text/html;charset=utf-8" />
  <meta name='ocr-system' content='tesseract 3.04.00' />
  <meta name='ocr-capabilities' content='ocr_page ocr_carea ocr_par ocr_line ocrx_word'/>
</head>
<body>
  <div class='ocr_page' id='page_1' title='image "./publivergilimar00virggoog/publivergilimar00virggoog_0193.png"; bbox 0 0 1846 3052; ppageno 0'>
   <div class='ocr_carea' id='block_1_1' title="bbox 133 144 706 198">
    <p class='ocr_par' dir='ltr' id='par_1_1' title="bbox 133 144 706 198">
     <span class='ocr_line' id='line_1_1' title="bbox 133 144 706 198; baseline -0.009 -2"><span class='ocrx_word' id='word_1_1' title='bbox 133 144 181 198; x_wconf 75' lang='grc'><strong>171</strong></span> <span class='ocrx_word' id='word_1_2' title='bbox 296 150 327 196; x_wconf 83' lang='lat' dir='ltr'><strong>P.</strong></span> <span class='ocrx_word' id='word_1_3' title='bbox 347 147 517 196; x_wconf 84' lang='lat' dir='ltr'>VIRGILII</span> <span class='ocrx_word' id='word_1_4' title='bbox 533 144 706 193; x_wconf 78' lang='lat' dir='ltr'>MARONIS</span> 
     </span>
    </p>
   </div>
   <div class='ocr_carea' id='block_1_2' title="bbox 28 243 877 2622">
    <p class='ocr_par' dir='ltr' id='par_1_2' title="bbox 28 243 874 533">
     <span class='ocr_line' id='line_1_2' title="bbox 128 243 761 321; baseline -0.006 -18"><span class='ocrx_word' id='word_1_5' title='bbox 128 248 225 303; x_wconf 89' lang='lat' dir='ltr'><strong>talibus</strong></span> <span class='ocrx_word' id='word_1_6' title='bbox 235 247 386 321; x_wconf 80' lang='lat' dir='ltr'><strong>aggreditur</strong></span> <span class='ocrx_word' id='word_1_7' title='bbox 395 248 521 301; x_wconf 81' lang='lat' dir='ltr'>Venerem</span> <span class='ocrx_word' id='word_1_8' title='bbox 532 245 654 300; x_wconf 84' lang='lat' dir='ltr'><strong>Saturnia</strong></span> <span class='ocrx_word' id='word_1_9' title='bbox 666 243 761 300; x_wconf 84' lang='lat' dir='ltr'><strong>dictis:</strong></span> 
     </span>
     <span class='ocr_line' id='line_1_3' title="bbox 129 318 793 396; baseline -0.005 -19"><span class='ocrx_word' id='word_1_10' title='bbox 129 323 269 396; x_wconf 79' lang='lat' dir='ltr'><strong>Egregium</strong></span> <span class='ocrx_word' id='word_1_11' title='bbox 280 338 342 376; x_wconf 87' lang='lat' dir='ltr'><strong>vero</strong></span> <span class='ocrx_word' id='word_1_12' title='bbox 351 320 456 375; x_wconf 89' lang='lat' dir='ltr'><strong>laudem</strong></span> <span class='ocrx_word' id='word_1_13' title='bbox 464 328 489 375; x_wconf 92' lang='lat' dir='ltr'><strong>et</strong></span> <span class='ocrx_word' id='word_1_14' title='bbox 498 319 581 392; x_wconf 87' lang='lat' dir='ltr'><strong>spolia</strong></span> <span class='ocrx_word' id='word_1_15' title='bbox 591 318 680 391; x_wconf 89' lang='lat' dir='ltr'><strong>ampla</strong></span> <span class='ocrx_word' id='word_1_16' title='bbox 688 318 793 374; x_wconf 78' lang='lat' dir='ltr'><strong>refertis</strong></span> 
     </span>
     <span class='ocr_line' id='line_1_4' title="bbox 28 387 874 469; baseline -0.004 -17"><span class='ocrx_word' id='word_1_17' title='bbox 28 387 39 404; x_wconf 28' lang='grc' dir='ltr'>χ</span> <span class='ocrx_word' id='word_1_18' title='bbox 129 406 211 468; x_wconf 86' lang='lat' dir='ltr'><strong>tuque</strong></span> <span class='ocrx_word' id='word_1_19' title='bbox 223 412 343 467; x_wconf 78' lang='lat' dir='ltr'>puerque</span> <span class='ocrx_word' id='word_1_20' title='bbox 357 403 434 464; x_wconf 81' lang='lat' dir='ltr'><strong>tuue3</strong></span> <span class='ocrx_word' id='word_1_21' title='bbox 456 412 584 469; x_wconf 87' lang='lat' dir='ltr'><strong>magnum</strong></span> <span class='ocrx_word' id='word_1_22' title='bbox 598 400 624 449; x_wconf 82' lang='lat' dir='ltr'><strong>et</strong></span> <span class='ocrx_word' id='word_1_23' title='bbox 636 392 812 450; x_wconf 79' lang='lat' dir='ltr'><strong>memorabile</strong></span> <span class='ocrx_word' id='word_1_24' title='bbox 825 409 874 450; x_wconf 86' lang='lat' dir='ltr'><strong>nu·</strong></span> 
     </span>
     <span class='ocr_line' id='line_1_5' title="bbox 619 485 692 533; baseline 0.014 -10"><span class='ocrx_word' id='word_1_25' title='bbox 619 485 692 533; x_wconf 85' lang='lat' dir='ltr'><strong>men,</strong></span> 
     </span>
    </p>

    <p class='ocr_par' dir='ltr' id='par_1_3' title="bbox 77 541 877 914">
     <span class='ocr_line' id='line_1_6' title="bbox 77 541 754 599; baseline 0 -1"><span class='ocrx_word' id='word_1_26' title='bbox 77 555 102 598; x_wconf 81' lang='grc'><strong>05</strong></span> <span class='ocrx_word' id='word_1_27' title='bbox 131 541 693 599; x_wconf 83' lang='lat' dir='ltr'><strong>unadclodivtlmsileminavictaduorum</strong></span> <span class='ocrx_word' id='word_1_28' title='bbox 702 550 754 598; x_wconf 82' lang='lat' dir='ltr'><strong>eat.</strong></span> 
     </span>
     <span class='ocr_line' id='line_1_7' title="bbox 130 617 765 683; baseline -0.002 -10"><span class='ocrx_word' id='word_1_29' title='bbox 130 621 183 673; x_wconf 88' lang='lat' dir='ltr'><strong>Neo</strong></span> <span class='ocrx_word' id='word_1_30' title='bbox 191 635 234 673; x_wconf 89' lang='lat' dir='ltr'><strong>me</strong></span> <span class='ocrx_word' id='word_1_31' title='bbox 242 618 306 672; x_wconf 86' lang='lat' dir='ltr'><strong>adeo</strong></span> <span class='ocrx_word' id='word_1_32' title='bbox 316 617 396 683; x_wconf 81' lang='lat' dir='ltr'><strong>fallit,</strong></span> <span class='ocrx_word' id='word_1_33' title='bbox 408 619 518 672; x_wconf 81' lang='lat' dir='ltr'><strong>veritam</strong></span> <span class='ocrx_word' id='word_1_34' title='bbox 527 624 553 671; x_wconf 92' lang='lat' dir='ltr'><strong>te</strong></span> <span class='ocrx_word' id='word_1_35' title='bbox 561 617 665 672; x_wconf 88' lang='lat' dir='ltr'><strong>moenia</strong></span> <span class='ocrx_word' id='word_1_36' title='bbox 674 625 765 672; x_wconf 82' lang='lat' dir='ltr'><strong>nostra</strong></span> 
     </span>
     <span class='ocr_line' id='line_1_8' title="bbox 131 689 877 764; baseline 0.001 -18"><span class='ocrx_word' id='word_1_37' title='bbox 131 701 265 763; x_wconf 89' lang='lat' dir='ltr'><strong>suspectas</strong></span> <span class='ocrx_word' id='word_1_38' title='bbox 274 692 400 746; x_wconf 85' lang='lat' dir='ltr'><strong>habuisse</strong></span> <span class='ocrx_word' id='word_1_39' title='bbox 409 692 501 747; x_wconf 82' lang='lat' dir='ltr'><strong>domos</strong></span> <span class='ocrx_word' id='word_1_40' title='bbox 513 691 680 764; x_wconf 80' lang='lat' dir='ltr'><strong>Carthaginis</strong></span> <span class='ocrx_word' id='word_1_41' title='bbox 689 689 769 747; x_wconf 85' lang='lat' dir='ltr'><strong>altae.</strong></span> <span class='ocrx_word' id='word_1_42' title='bbox 869 744 877 757; x_wconf 88' lang='grc'>,</span> 
     </span>
     <span class='ocr_line' id='line_1_9' title="bbox 131 764 877 838; baseline 0.001 -17"><span class='ocrx_word' id='word_1_43' title='bbox 131 767 182 821; x_wconf 85' lang='lat' dir='ltr'><strong>Sed</strong></span> <span class='ocrx_word' id='word_1_44' title='bbox 191 768 253 838; x_wconf 92' lang='lat' dir='ltr'><strong>quis</strong></span> <span class='ocrx_word' id='word_1_45' title='bbox 264 768 312 821; x_wconf 89' lang='lat' dir='ltr'><strong>erit</strong></span> <span class='ocrx_word' id='word_1_46' title='bbox 322 766 434 820; x_wconf 80' lang='lat' dir='ltr'><strong>modus?</strong></span> <span class='ocrx_word' id='word_1_47' title='bbox 443 773 488 820; x_wconf 87' lang='lat' dir='ltr'><strong>aut</strong></span> <span class='ocrx_word' id='word_1_48' title='bbox 497 783 551 837; x_wconf 95' lang='lat' dir='ltr'><strong>quo</strong></span> <span class='ocrx_word' id='word_1_49' title='bbox 561 783 632 820; x_wconf 90' lang='lat' dir='ltr'><strong>nunc</strong></span> <span class='ocrx_word' id='word_1_50' title='bbox 640 764 877 837; x_wconf 66' lang='lat' dir='ltr'><strong>certaminatantal</strong></span> 
     </span>
     <span class='ocr_line' id='line_1_10' title="bbox 132 841 864 914; baseline 0.001 -19"><span class='ocrx_word' id='word_1_51' title='bbox 132 841 203 907; x_wconf 86' lang='lat' dir='ltr'><strong>Quin</strong></span> <span class='ocrx_word' id='word_1_52' title='bbox 212 841 300 912; x_wconf 91' lang='lat' dir='ltr'><strong>potius</strong></span> <span class='ocrx_word' id='word_1_53' title='bbox 310 857 400 912; x_wconf 90' lang='lat' dir='ltr'><strong>pacem</strong></span> <span class='ocrx_word' id='word_1_54' title='bbox 410 848 539 895; x_wconf 78' lang='lat' dir='ltr'><strong>aeternam</strong></span> <span class='ocrx_word' id='word_1_55' title='bbox 550 848 691 912; x_wconf 87' lang='lat' dir='ltr'><strong>pactosque</strong></span> <span class='ocrx_word' id='word_1_56' title='bbox 699 841 864 914; x_wconf 70' lang='lat' dir='ltr'><strong>Hymenaeon</strong></span> 
     </span>
    </p>

    <p class='ocr_par' dir='ltr' id='par_1_4' title="bbox 79 913 871 1286">
     <span class='ocr_line' id='line_1_11' title="bbox 79 913 776 986; baseline 0.003 -18"><span class='ocrx_word' id='word_1_57' title='bbox 79 925 118 968; x_wconf 95' lang='grc'><strong>100</strong></span> <span class='ocrx_word' id='word_1_58' title='bbox 132 913 302 970; x_wconf 79' lang='lat' dir='ltr'><strong>exercemus?</strong></span> <span class='ocrx_word' id='word_1_59' title='bbox 320 915 419 979; x_wconf 87' lang='lat' dir='ltr'><strong>Habes,</strong></span> <span class='ocrx_word' id='word_1_60' title='bbox 431 922 483 969; x_wconf 87' lang='lat' dir='ltr'><strong>tota</strong></span> <span class='ocrx_word' id='word_1_61' title='bbox 493 914 566 985; x_wconf 93' lang='lat' dir='ltr'><strong>quod</strong></span> <span class='ocrx_word' id='word_1_62' title='bbox 574 922 662 970; x_wconf 87' lang='lat' dir='ltr'><strong>mente</strong></span> <span class='ocrx_word' id='word_1_63' title='bbox 669 915 776 986; x_wconf 83' lang='lat' dir='ltr'><strong>petisti:</strong></span> 
     </span>
     <span class='ocr_line' id='line_1_12' title="bbox 133 988 803 1061; baseline 0 -17"><span class='ocrx_word' id='word_1_64' title='bbox 133 990 205 1044; x_wconf 90' lang='lat' dir='ltr'><strong>ardet</strong></span> <span class='ocrx_word' id='word_1_65' title='bbox 213 1007 306 1044; x_wconf 86' lang='lat' dir='ltr'><strong>amans</strong></span> <span class='ocrx_word' id='word_1_66' title='bbox 314 989 393 1053; x_wconf 85' lang='lat' dir='ltr'><strong>Dido,</strong></span> <span class='ocrx_word' id='word_1_67' title='bbox 405 990 537 1060; x_wconf 85' lang='lat' dir='ltr'><strong>traxitque</strong></span> <span class='ocrx_word' id='word_1_68' title='bbox 548 1006 596 1061; x_wconf 88' lang='lat' dir='ltr'><strong>per</strong></span> <span class='ocrx_word' id='word_1_69' title='bbox 604 1006 663 1044; x_wconf 81' lang='lat' dir='ltr'><strong>osea</strong></span> <span class='ocrx_word' id='word_1_70' title='bbox 672 988 803 1045; x_wconf 85' lang='lat' dir='ltr'><strong>furorem.</strong></span> 
     </span>
     <span class='ocr_line' id='line_1_13' title="bbox 133 1063 871 1139; baseline -0.001 -20"><span class='ocrx_word' id='word_1_71' title='bbox 133 1063 871 1139; x_wconf 76' lang='lat' dir='ltr'><strong>Communemhuncergopopulumparibusqueregamue</strong></span> 
     </span>
     <span class='ocr_line' id='line_1_14' title="bbox 133 1138 711 1211; baseline 0.002 -19"><span class='ocrx_word' id='word_1_72' title='bbox 133 1139 270 1210; x_wconf 88' lang='lat' dir='ltr'><strong>auspiciie;</strong></span> <span class='ocrx_word' id='word_1_73' title='bbox 292 1138 366 1192; x_wconf 87' lang='lat' dir='ltr'><strong>liceat</strong></span> <span class='ocrx_word' id='word_1_74' title='bbox 377 1138 492 1211; x_wconf 79' lang='lat' dir='ltr'><strong>Phrygio</strong></span> <span class='ocrx_word' id='word_1_75' title='bbox 501 1140 598 1192; x_wconf 83' lang='lat' dir='ltr'><strong>servire</strong></span> <span class='ocrx_word' id='word_1_76' title='bbox 608 1139 711 1204; x_wconf 88' lang='lat' dir='ltr'><strong>marito,</strong></span> 
     </span>
     <span class='ocr_line' id='line_1_15' title="bbox 133 1212 736 1286; baseline -0.002 -18"><span class='ocrx_word' id='word_1_77' title='bbox 133 1213 285 1285; x_wconf 86' lang='lat' dir='ltr'><strong>dotalesque</strong></span> <span class='ocrx_word' id='word_1_78' title='bbox 294 1221 353 1268; x_wconf 86' lang='lat' dir='ltr'><strong>tuae</strong></span> <span class='ocrx_word' id='word_1_79' title='bbox 362 1214 454 1286; x_wconf 85' lang='lat' dir='ltr'><strong>Tyrios</strong></span> <span class='ocrx_word' id='word_1_80' title='bbox 463 1213 610 1284; x_wconf 81' lang='lat' dir='ltr'><strong>permittere</strong></span> <span class='ocrx_word' id='word_1_81' title='bbox 618 1212 736 1267; x_wconf 89' lang='lat' dir='ltr'><strong>dextrae.</strong></span> 
     </span>
    </p>

    <p class='ocr_par' dir='ltr' id='par_1_5' title="bbox 81 1286 856 1658">
     <span class='ocr_line' id='line_1_16' title="bbox 81 1286 770 1360; baseline 0.006 -22"><span class='ocrx_word' id='word_1_82' title='bbox 81 1297 120 1340; x_wconf 81' lang='grc'><strong>105</strong></span> <span class='ocrx_word' id='word_1_83' title='bbox 172 1287 224 1343; x_wconf 89' lang='lat' dir='ltr'><strong>Olli</strong></span> <span class='ocrx_word' id='word_1_84' title='bbox 234 1288 326 1360; x_wconf 81' lang='lat' dir='ltr'><strong>(sensit</strong></span> <span class='ocrx_word' id='word_1_85' title='bbox 335 1289 407 1342; x_wconf 90' lang='lat' dir='ltr'><strong>enim</strong></span> <span class='ocrx_word' id='word_1_86' title='bbox 417 1286 540 1342; x_wconf 89' lang='lat' dir='ltr'><strong>simulata</strong></span> <span class='ocrx_word' id='word_1_87' title='bbox 549 1294 636 1342; x_wconf 85' lang='lat' dir='ltr'><strong>mente</strong></span> <span class='ocrx_word' id='word_1_88' title='bbox 645 1287 770 1354; x_wconf 88' lang='lat' dir='ltr'><strong>locutam,</strong></span> 
     </span>
     <span class='ocr_line' id='line_1_17' title="bbox 135 1361 745 1437; baseline 0 -21"><span class='ocrx_word' id='word_1_89' title='bbox 135 1379 189 1434; x_wconf 92' lang='lat' dir='ltr'><strong>quo</strong></span> <span class='ocrx_word' id='word_1_90' title='bbox 199 1380 310 1437; x_wconf 78' lang='lat' dir='ltr'><strong>regnum</strong></span> <span class='ocrx_word' id='word_1_91' title='bbox 324 1362 412 1417; x_wconf 85' lang='lat' dir='ltr'><strong>ltaliae</strong></span> <span class='ocrx_word' id='word_1_92' title='bbox 420 1362 532 1435; x_wconf 83' lang='lat' dir='ltr'><strong>Libycas</strong></span> <span class='ocrx_word' id='word_1_93' title='bbox 542 1368 667 1417; x_wconf 86' lang='lat' dir='ltr'><strong>averteret</strong></span> <span class='ocrx_word' id='word_1_94' title='bbox 675 1361 745 1436; x_wconf 87' lang='lat' dir='ltr'><strong>oras)</strong></span> 
     </span>
     <span class='ocr_line' id='line_1_18' title="bbox 135 1436 838 1510; baseline 0.003 -20"><span class='ocrx_word' id='word_1_95' title='bbox 135 1437 173 1490; x_wconf 81' lang='lat' dir='ltr'><strong>sic</strong></span> <span class='ocrx_word' id='word_1_96' title='bbox 185 1445 273 1491; x_wconf 88' lang='lat' dir='ltr'><strong>contra</strong></span> <span class='ocrx_word' id='word_1_97' title='bbox 282 1445 322 1491; x_wconf 85' lang='lat' dir='ltr'><strong>est</strong></span> <span class='ocrx_word' id='word_1_98' title='bbox 330 1437 449 1510; x_wconf 81' lang='lat' dir='ltr'><strong>ingressa</strong></span> <span class='ocrx_word' id='word_1_99' title='bbox 458 1437 562 1492; x_wconf 84' lang='lat' dir='ltr'><strong>Venus:</strong></span> <span class='ocrx_word' id='word_1_100' title='bbox 583 1436 721 1503; x_wconf 82' lang='lat' dir='ltr'><strong>Quietalia</strong></span> <span class='ocrx_word' id='word_1_101' title='bbox 731 1436 838 1492; x_wconf 72' lang='lat' dir='ltr'><strong>damona</strong></span> 
     </span>
     <span class='ocr_line' id='line_1_19' title="bbox 135 1510 746 1576; baseline -0.002 -11"><span class='ocrx_word' id='word_1_102' title='bbox 135 1511 246 1576; x_wconf 86' lang='lat' dir='ltr'><strong>abnuat,</strong></span> <span class='ocrx_word' id='word_1_103' title='bbox 257 1520 303 1565; x_wconf 89' lang='lat' dir='ltr'><strong>aut</strong></span> <span class='ocrx_word' id='word_1_104' title='bbox 312 1520 398 1565; x_wconf 84' lang='lat' dir='ltr'><strong>tecrrm</strong></span> <span class='ocrx_word' id='word_1_105' title='bbox 409 1511 483 1565; x_wconf 85' lang='lat' dir='ltr'><strong>malit</strong></span> <span class='ocrx_word' id='word_1_106' title='bbox 491 1511 645 1566; x_wconf 74' lang='lat' dir='ltr'><strong>contendere</strong></span> <span class='ocrx_word' id='word_1_107' title='bbox 656 1510 746 1566; x_wconf 77' lang='lat' dir='ltr'><strong>belloi</strong></span> 
     </span>
     <span class='ocr_line' id='line_1_20' title="bbox 136 1581 856 1658; baseline 0.003 -23"><span class='ocrx_word' id='word_1_108' title='bbox 136 1581 261 1646; x_wconf 82' lang='lat' dir='ltr'><strong>simodo,</strong></span> <span class='ocrx_word' id='word_1_109' title='bbox 271 1585 343 1655; x_wconf 89' lang='lat' dir='ltr'><strong>qued</strong></span> <span class='ocrx_word' id='word_1_110' title='bbox 353 1602 495 1650; x_wconf 85' lang='lat' dir='ltr'><strong>memoras,</strong></span> <span class='ocrx_word' id='word_1_111' title='bbox 508 1585 604 1640; x_wconf 85' lang='lat' dir='ltr'><strong>iactum</strong></span> <span class='ocrx_word' id='word_1_112' title='bbox 614 1584 718 1641; x_wconf 85' lang='lat' dir='ltr'><strong>fortuna</strong></span> <span class='ocrx_word' id='word_1_113' title='bbox 727 1593 856 1658; x_wconf 85' lang='lat' dir='ltr'><strong>aequatur.</strong></span> 
     </span>
    </p>

    <p class='ocr_par' dir='ltr' id='par_1_6' title="bbox 83 1658 821 2030">
     <span class='ocr_line' id='line_1_21' title="bbox 83 1658 686 1731; baseline 0.003 -19"><span class='ocrx_word' id='word_1_114' title='bbox 83 1668 122 1712; x_wconf 94' lang='grc'><strong>110</strong></span> <span class='ocrx_word' id='word_1_115' title='bbox 136 1659 187 1712; x_wconf 88' lang='lat' dir='ltr'><strong>Sed</strong></span> <span class='ocrx_word' id='word_1_116' title='bbox 196 1658 255 1712; x_wconf 86' lang='lat' dir='ltr'><strong>latis</strong></span> <span class='ocrx_word' id='word_1_117' title='bbox 265 1659 361 1713; x_wconf 87' lang='lat' dir='ltr'><strong>incerta</strong></span> <span class='ocrx_word' id='word_1_118' title='bbox 371 1658 452 1725; x_wconf 85' lang='lat' dir='ltr'><strong>feror,</strong></span> <span class='ocrx_word' id='word_1_119' title='bbox 464 1660 487 1713; x_wconf 88' lang='lat' dir='ltr'><strong>si</strong></span> <span class='ocrx_word' id='word_1_120' title='bbox 497 1660 595 1731; x_wconf 81' lang='lat' dir='ltr'><strong>Iupiter</strong></span> <span class='ocrx_word' id='word_1_121' title='bbox 603 1677 686 1714; x_wconf 87' lang='lat' dir='ltr'><strong>uuam</strong></span> 
     </span>
     <span class='ocr_line' id='line_1_22' title="bbox 136 1732 746 1806; baseline 0.002 -19"><span class='ocrx_word' id='word_1_122' title='bbox 136 1750 194 1787; x_wconf 90' lang='lat' dir='ltr'><strong>esse</strong></span> <span class='ocrx_word' id='word_1_123' title='bbox 205 1732 269 1787; x_wconf 90' lang='lat' dir='ltr'><strong>velit</strong></span> <span class='ocrx_word' id='word_1_124' title='bbox 278 1733 365 1805; x_wconf 82' lang='lat' dir='ltr'><strong>Tyriis</strong></span> <span class='ocrx_word' id='word_1_125' title='bbox 375 1735 468 1788; x_wconf 89' lang='lat' dir='ltr'><strong>urbem</strong></span> <span class='ocrx_word' id='word_1_126' title='bbox 478 1735 607 1806; x_wconf 77' lang='lat' dir='ltr'><strong>Troiaque</strong></span> <span class='ocrx_word' id='word_1_127' title='bbox 615 1733 746 1806; x_wconf 88' lang='lat' dir='ltr'><strong>proiectis,</strong></span> 
     </span>
     <span class='ocr_line' id='line_1_23' title="bbox 136 1806 768 1882; baseline 0.002 -21"><span class='ocrx_word' id='word_1_128' title='bbox 136 1806 272 1861; x_wconf 84' lang='lat' dir='ltr'><strong>miscerive</strong></span> <span class='ocrx_word' id='word_1_129' title='bbox 281 1807 373 1877; x_wconf 82' lang='lat' dir='ltr'><strong>probet</strong></span> <span class='ocrx_word' id='word_1_130' title='bbox 382 1807 505 1878; x_wconf 83' lang='lat' dir='ltr'><strong>populos,</strong></span> <span class='ocrx_word' id='word_1_131' title='bbox 517 1817 563 1863; x_wconf 86' lang='lat' dir='ltr'><strong>aut</strong></span> <span class='ocrx_word' id='word_1_132' title='bbox 571 1807 673 1863; x_wconf 90' lang='lat' dir='ltr'><strong>ioedera</strong></span> <span class='ocrx_word' id='word_1_133' title='bbox 682 1808 768 1882; x_wconf 82' lang='lat' dir='ltr'><strong>iungi.</strong></span> 
     </span>
     <span class='ocr_line' id='line_1_24' title="bbox 137 1880 821 1954; baseline 0.003 -19"><span class='ocrx_word' id='word_1_134' title='bbox 137 1882 177 1936; x_wconf 88' lang='lat' dir='ltr'><strong>Tu</strong></span> <span class='ocrx_word' id='word_1_135' title='bbox 186 1881 316 1949; x_wconf 79' lang='lat' dir='ltr'><strong>coniunx3</strong></span> <span class='ocrx_word' id='word_1_136' title='bbox 337 1882 386 1936; x_wconf 91' lang='lat' dir='ltr'><strong>tibi</strong></span> <span class='ocrx_word' id='word_1_137' title='bbox 398 1880 437 1936; x_wconf 86' lang='lat' dir='ltr'><strong>ias</strong></span> <span class='ocrx_word' id='word_1_138' title='bbox 447 1886 567 1937; x_wconf 89' lang='lat' dir='ltr'><strong>animum</strong></span> <span class='ocrx_word' id='word_1_139' title='bbox 575 1882 821 1954; x_wconf 86' lang='lat' dir='ltr'><strong>tentareprecendo.</strong></span> 
     </span>
     <span class='ocr_line' id='line_1_25' title="bbox 136 1957 790 2030; baseline 0.002 -20"><span class='ocrx_word' id='word_1_140' title='bbox 136 1957 230 2030; x_wconf 80' lang='lat' dir='ltr'><strong>Perge3</strong></span> <span class='ocrx_word' id='word_1_141' title='bbox 251 1972 354 2027; x_wconf 86' lang='lat' dir='ltr'><strong>sequar.</strong></span> <span class='ocrx_word' id='word_1_142' title='bbox 392 1957 461 2010; x_wconf 89' lang='lat' dir='ltr'><strong>Tum</strong></span> <span class='ocrx_word' id='word_1_143' title='bbox 469 1958 507 2011; x_wconf 91' lang='lat' dir='ltr'><strong>sic</strong></span> <span class='ocrx_word' id='word_1_144' title='bbox 516 1958 617 2028; x_wconf 86' lang='lat' dir='ltr'><strong>excepit</strong></span> <span class='ocrx_word' id='word_1_145' title='bbox 629 1957 700 2030; x_wconf 78' lang='lat' dir='ltr'><strong>regia</strong></span> <span class='ocrx_word' id='word_1_146' title='bbox 710 1959 790 2011; x_wconf 90' lang='lat' dir='ltr'><strong>luno:</strong></span> 
     </span>
    </p>

    <p class='ocr_par' dir='ltr' id='par_1_7' title="bbox 85 2029 870 2177">
     <span class='ocr_line' id='line_1_26' title="bbox 85 2029 870 2137; baseline 0.01 -57"><span class='ocrx_word' id='word_1_147' title='bbox 85 2038 123 2082; x_wconf 80' lang='lat'><strong>115</strong></span> <span class='ocrx_word' id='word_1_148' title='bbox 137 2032 240 2086; x_wconf 85' lang='lat' dir='ltr'><strong>Mecum</strong></span> <span class='ocrx_word' id='word_1_149' title='bbox 248 2031 296 2085; x_wconf 91' lang='lat' dir='ltr'><strong>erit</strong></span> <span class='ocrx_word' id='word_1_150' title='bbox 306 2031 354 2085; x_wconf 82' lang='lat' dir='ltr'><strong>iste</strong></span> <span class='ocrx_word' id='word_1_151' title='bbox 364 2029 446 2085; x_wconf 91' lang='lat' dir='ltr'><strong>labor.</strong></span> <span class='ocrx_word' id='word_1_152' title='bbox 457 2031 870 2137; x_wconf 67' lang='lat' dir='ltr'><strong>Nuncquaratiouaquodinstat,</strong></span> 
     </span>
     <span class='ocr_line' id='line_1_27' title="bbox 138 2105 727 2177; baseline -0.002 -17"><span class='ocrx_word' id='word_1_153' title='bbox 138 2106 243 2160; x_wconf 85' lang='lat' dir='ltr'><strong>confieri</strong></span> <span class='ocrx_word' id='word_1_154' title='bbox 253 2106 351 2177; x_wconf 84' lang='lat' dir='ltr'><strong>possit,</strong></span> <span class='ocrx_word' id='word_1_155' title='bbox 362 2106 466 2176; x_wconf 86' lang='lat' dir='ltr'><strong>paucis,</strong></span> <span class='ocrx_word' id='word_1_156' title='bbox 477 2105 596 2171; x_wconf 83' lang='lat' dir='ltr'><strong>adverte,</strong></span> <span class='ocrx_word' id='word_1_157' title='bbox 607 2106 727 2160; x_wconf 62' lang='lat' dir='ltr'><strong>docebod</strong></span> 
     </span>
    </p>

    <p class='ocr_par' dir='ltr' id='par_1_8' title="bbox 104 2179 828 2402">
     <span class='ocr_line' id='line_1_28' title="bbox 104 2179 727 2252; baseline -0.008 -13"><span class='ocrx_word' id='word_1_158' title='bbox 104 2234 106 2239; x_wconf 92' lang='lat'><em>.</em></span> <span class='ocrx_word' id='word_1_159' title='bbox 138 2181 268 2234; x_wconf 86' lang='lat' dir='ltr'><strong>Venatum</strong></span> <span class='ocrx_word' id='word_1_160' title='bbox 278 2180 378 2236; x_wconf 78' lang='lat' dir='ltr'><strong>Aeneas</strong></span> <span class='ocrx_word' id='word_1_161' title='bbox 387 2197 494 2252; x_wconf 89' lang='lat' dir='ltr'><strong>unaque</strong></span> <span class='ocrx_word' id='word_1_162' title='bbox 503 2181 650 2235; x_wconf 87' lang='lat' dir='ltr'><strong>miserrima</strong></span> <span class='ocrx_word' id='word_1_163' title='bbox 659 2179 727 2235; x_wconf 89' lang='lat' dir='ltr'><strong>Dido</strong></span> 
     </span>
     <span class='ocr_line' id='line_1_29' title="bbox 138 2254 828 2331; baseline 0.004 -24"><span class='ocrx_word' id='word_1_164' title='bbox 138 2254 165 2308; x_wconf 91' lang='lat' dir='ltr'><strong>iu</strong></span> <span class='ocrx_word' id='word_1_165' title='bbox 180 2271 273 2308; x_wconf 85' lang='lat' dir='ltr'><strong>nemus</strong></span> <span class='ocrx_word' id='word_1_166' title='bbox 284 2254 320 2309; x_wconf 87' lang='lat' dir='ltr'><strong>ire.</strong></span> <span class='ocrx_word' id='word_1_167' title='bbox 329 2263 438 2327; x_wconf 84' lang='lat' dir='ltr'><strong>parant,</strong></span> <span class='ocrx_word' id='word_1_168' title='bbox 449 2255 496 2309; x_wconf 91' lang='lat' dir='ltr'><strong>uhi</strong></span> <span class='ocrx_word' id='word_1_169' title='bbox 506 2256 605 2326; x_wconf 88' lang='lat' dir='ltr'><strong>primos</strong></span> <span class='ocrx_word' id='word_1_170' title='bbox 614 2256 745 2331; x_wconf 63' lang='lat' dir='ltr'><strong>crastinus</strong></span> <span class='ocrx_word' id='word_1_171' title='bbox 754 2261 828 2310; x_wconf 79' lang='lat' dir='ltr'><strong>ortua</strong></span> 
     </span>
     <span class='ocr_line' id='line_1_30' title="bbox 138 2326 759 2402; baseline 0.003 -20"><span class='ocrx_word' id='word_1_172' title='bbox 138 2327 260 2382; x_wconf 86' lang='lat' dir='ltr'><strong>extulerit</strong></span> <span class='ocrx_word' id='word_1_173' title='bbox 270 2329 358 2390; x_wconf 86' lang='lat' dir='ltr'><strong>Titan,</strong></span> <span class='ocrx_word' id='word_1_174' title='bbox 371 2329 504 2402; x_wconf 82' lang='lat' dir='ltr'><strong>radiisque</strong></span> <span class='ocrx_word' id='word_1_175' title='bbox 513 2330 633 2384; x_wconf 82' lang='lat' dir='ltr'><strong>retexerit</strong></span> <span class='ocrx_word' id='word_1_176' title='bbox 640 2326 759 2393; x_wconf 46' lang='lat' dir='ltr'><strong>orbem&amp;</strong></span> 
     </span>
    </p>

    <p class='ocr_par' dir='ltr' id='par_1_9' title="bbox 86 2402 865 2622">
     <span class='ocr_line' id='line_1_31' title="bbox 86 2402 828 2477; baseline 0.005 -23"><span class='ocrx_word' id='word_1_177' title='bbox 86 2411 125 2454; x_wconf 80' lang='lat'><strong>12⁰</strong></span> <span class='ocrx_word' id='word_1_178' title='bbox 139 2403 243 2474; x_wconf 79' lang='lat' dir='ltr'><strong>Hisago</strong></span> <span class='ocrx_word' id='word_1_179' title='bbox 252 2402 398 2474; x_wconf 83' lang='lat' dir='ltr'><strong>nigrantem</strong></span> <span class='ocrx_word' id='word_1_180' title='bbox 407 2405 549 2458; x_wconf 83' lang='lat' dir='ltr'><strong>commixta</strong></span> <span class='ocrx_word' id='word_1_181' title='bbox 558 2404 686 2477; x_wconf 85' lang='lat' dir='ltr'><strong>grandine</strong></span> <span class='ocrx_word' id='word_1_182' title='bbox 695 2403 828 2467; x_wconf 88' lang='lat' dir='ltr'><strong>nimbum,</strong></span> 
     </span>
     <span class='ocr_line' id='line_1_32' title="bbox 139 2476 865 2552; baseline 0 -21"><span class='ocrx_word' id='word_1_183' title='bbox 139 2476 205 2531; x_wconf 92' lang='lat' dir='ltr'><strong>dum</strong></span> <span class='ocrx_word' id='word_1_184' title='bbox 214 2476 343 2546; x_wconf 88' lang='lat' dir='ltr'><strong>trepidant</strong></span> <span class='ocrx_word' id='word_1_185' title='bbox 351 2476 419 2543; x_wconf 86' lang='lat' dir='ltr'><strong>alae,</strong></span> <span class='ocrx_word' id='word_1_186' title='bbox 432 2478 568 2550; x_wconf 85' lang='lat' dir='ltr'><strong>saltusque</strong></span> <span class='ocrx_word' id='word_1_187' title='bbox 578 2478 829 2552; x_wconf 80' lang='lat' dir='ltr'><strong>indaginecingunt,</strong></span> <span class='ocrx_word' id='word_1_188' title='bbox 861 2489 865 2495; x_wconf 91' lang='grc'><em>·</em></span> 
     </span>
     <span class='ocr_line' id='line_1_33' title="bbox 140 2549 843 2622; baseline 0.006 -18"><span class='ocrx_word' id='word_1_189' title='bbox 140 2551 251 2622; x_wconf 86' lang='lat' dir='ltr'><strong>desuper</strong></span> <span class='ocrx_word' id='word_1_190' title='bbox 261 2549 411 2617; x_wconf 83' lang='lat' dir='ltr'><strong>infundam,</strong></span> <span class='ocrx_word' id='word_1_191' title='bbox 423 2560 448 2606; x_wconf 92' lang='lat' dir='ltr'><strong>et</strong></span> <span class='ocrx_word' id='word_1_192' title='bbox 457 2554 555 2608; x_wconf 89' lang='lat' dir='ltr'><strong>tonitru</strong></span> <span class='ocrx_word' id='word_1_193' title='bbox 564 2552 665 2608; x_wconf 89' lang='lat' dir='ltr'><strong>coelum</strong></span> <span class='ocrx_word' id='word_1_194' title='bbox 674 2569 754 2608; x_wconf 89' lang='lat' dir='ltr'><strong>omne</strong></span> <span class='ocrx_word' id='word_1_195' title='bbox 763 2552 843 2608; x_wconf 80' lang='lat' dir='ltr'><strong>ciebo</strong></span> 
     </span>
    </p>
   </div>
   <div class='ocr_carea' id='block_1_3' title="bbox 134 2626 767 2704">
    <p class='ocr_par' dir='ltr' id='par_1_10' title="bbox 134 2626 767 2704">
     <span class='ocr_line' id='line_1_34' title="bbox 134 2626 767 2704; baseline -0.006 -21"><span class='ocrx_word' id='word_1_196' title='bbox 134 2626 284 2704; x_wconf 78' lang='lat' dir='ltr'><strong>Diffugient</strong></span> <span class='ocrx_word' id='word_1_197' title='bbox 292 2626 416 2696; x_wconf 74' lang='lat' dir='ltr'><strong>corniton,</strong></span> <span class='ocrx_word' id='word_1_198' title='bbox 425 2634 453 2683; x_wconf 76' lang='lat' dir='ltr'><strong>et</strong></span> <span class='ocrx_word' id='word_1_199' title='bbox 459 2635 537 2684; x_wconf 73' lang='lat' dir='ltr'><strong>nocto</strong></span> <span class='ocrx_word' id='word_1_200' title='bbox 542 2635 663 2700; x_wconf 58' lang='lat' dir='ltr'><strong>tegentur</strong></span> <span class='ocrx_word' id='word_1_201' title='bbox 671 2644 767 2695; x_wconf 58' lang='lat' dir='ltr'><strong>opocen</strong></span> 
     </span>
    </p>
   </div>
   <div class='ocr_carea' id='block_1_4' title="bbox 0 0 946 3052">
    <p class='ocr_par' dir='ltr' id='par_1_11' title="bbox 0 0 946 3052">
     <span class='ocr_line' id='line_1_35' title="bbox 0 0 946 3052; baseline 0 0"><span class='ocrx_word' id='word_1_202' title='bbox 0 0 946 3052; x_wconf 95' lang='lat' dir='ltr'><strong> </strong></span> 
     </span>
    </p>
   </div>
  </div>
 </body>
</html>
