1846 3052
209 163 405 211 AENEIDOS
423 163 493 211 LIB.
511 162 558 211 lv.
708 157 756 211 ⁴⁸7

94 262 528 336 ituretnasoentiseqnideironto
536 262 659 320 revulsas
773 275 810 317 515

93 340 126 394 tri
135 346 288 411 praereptus
297 355 380 394 emor.

94 413 154 471 nola
162 414 342 486 manibusque
350 413 403 485 piis
412 411 503 468 altaria
511 412 595 478 iuxta,

94 509 101 543 ι
111 496 190 545 exuta
199 488 293 560 pedem
303 487 408 553 vinclis,
420 488 448 543 in
458 494 531 544 veste
541 487 661 552 recincta,

94 561 543 628 armorituradeos,etoonsoiaiati

94 657 116 707 ¹3
137 645 206 703 tum,
217 638 241 692 si
250 637 324 708 quod
333 655 386 693 non
395 654 480 710 aequo
489 636 591 692 foedere
599 641 717 692 amantes
774 645 813 688 520

103 707 769 784 numenhebetiustumquememorque,preoatur.i

94 795 186 853 xerat,
197 793 223 842 et
231 787 365 860 placidum
373 786 513 859 carpebant
522 785 590 840 fessa
599 801 721 857 soporem

95 881 124 918 ra
132 880 180 935 per
188 869 278 926 terras,
290 861 425 933 silvaeque
434 869 459 917 et
468 878 546 917 saeva
554 861 677 932 quierant

95 955 140 1003 tra,
151 954 237 1010 quum
250 937 337 992 medio
346 937 490 992 volvuntur
500 935 586 991 sidera
597 934 684 1007 lapsu,

95 1031 104 1068 ι
116 1020 183 1068 taeet
198 1012 287 1067 omnis
300 1028 375 1086 ager,
390 1011 516 1084 pecudes,
533 1010 670 1082 pictaeque
684 1008 760 1065 volu·

250 1114 253 1122 ·
509 1101 575 1151 ores,
776 1094 815 1138 525

95 1179 140 1236 [ue
149 1160 222 1216 lacus
231 1159 281 1216 late
290 1159 416 1234 liquidos,
428 1177 549 1232 quaeque
558 1176 649 1231 aspera
658 1157 749 1225 dumis

95 1244 190 1302 tenent,
201 1252 295 1292 somno
303 1236 403 1308 positae
412 1235 464 1290 sub
475 1242 547 1290 noete
556 1233 655 1306 silenti,

95 1319 153 1367 nant
160 1328 246 1377 ouras,
258 1319 284 1366 ot
292 1310 370 1366 eorda
379 1308 458 1365 oblita
469 1304 614 1384 laborum]

95 1404 116 1441 n
126 1384 221 1442 infelix
231 1386 313 1441 animi
322 1385 474 1450 Phoenissa,
486 1401 573 1456 neque
584 1398 705 1454 unquam

95 1479 131 1516 nr
140 1461 169 1516 in
179 1477 295 1526 somnos,
307 1459 424 1516 oculisve
432 1466 478 1514 aut
489 1466 591 1531 pectore
600 1464 702 1512 noctem
777 1465 815 1509 550

95 1536 122 1591 it.
151 1535 318 1609 Ingeminant
326 1552 412 1600 curae,
423 1550 570 1606 rursusque
578 1548 719 1605 resurgens

95 1618 102 1665 t
112 1627 194 1674 amor.
206 1627 356 1685 magnoque
364 1609 464 1665 irarum
473 1607 581 1664 fluctuat
590 1614 672 1662 aestu.

95 1685 136 1741 ieo
146 1684 253 1751 insistit,
264 1702 408 1756 secumque
417 1684 453 1738 ita
461 1683 538 1739 eorde
547 1682 660 1739 volutat:

95 1760 149 1833 [uid
158 1758 225 1834 ago?
243 1776 371 1815 rursusne
380 1775 472 1831 proeos
485 1758 560 1813 irriso
568 1757 668 1829 priores

95 1835 149 1901 iar,
161 1835 365 1907 Nomadumque
373 1841 460 1907 petant
469 1832 601 1889 connubia
610 1829 732 1904 supplex,
778 1840 816 1884 555

97 1927 147 1986 ego
156 1910 208 1965 sim
219 1909 295 1966 toties
304 1909 359 1965 iam
368 1908 508 1981 dedignata
517 1905 643 1962 maritos?

98 1985 205 2059 sigitur
214 1983 311 2040 classes
320 1991 399 2056 atque
407 1982 501 2038 ultima
510 1982 640 2037 Teucrum

104 2058 221 2133 sequar?
238 2060 336 2133 quinne
346 2058 445 2114 auxilio
454 2057 528 2113 iuvat
536 2062 596 2111 ante
604 2054 711 2120 levatos,

95 2153 144 2191 ene
152 2133 224 2207 apud
232 2151 363 2191 memores
372 2132 468 2189 veteris
476 2138 527 2186 stet
557 2127 708 2186 ratiaiaoti‘?

96 2217 238 2266 meantem
248 2148 758 2283 (faoveilerinet‘ihtiiousveeuperbis
778 2211 817 2258 54⁰

95 2303 138 2341 am
150 2284 276 2358 accipiet?
292 2285 393 2347 Nescis,
404 2282 457 2337 heu
467 2279 581 2353 perdita}
601 2279 715 2336 neodnna

95 2359 318 2417 aedonteaesentis
326 2353 553 2431 periuriagentis‘?

101 2433 179 2490 mm?
196 2434 252 2490 sola
262 2433 324 2508 fuga
335 2441 427 2489 nautas
436 2428 712 2486 eomitaborovantes‘?

96 2510 155 2583 piis
164 2509 290 2581 omnique
299 2525 381 2563 manu
391 2506 484 2578 stipata
497 2521 616 2560 meorum

96 2593 242 2656 5r‚etqnos
252 2583 359 2641 Sidonia
368 2583 415 2638 vix
424 2580 491 2637 urbe
499 2578 600 2647 novelli,
780 2583 824 2629 555

96 2675 198 2731 sagam
202 2657 308 2733 pelago,
321 2665 348 2716 et
358 2659 445 2718 tentis
457 2656 524 2717 dare
532 2655 594 2717 veie
603 2650 725 2714 teneant
