1846 3052
175 155 225 210 ato
337 153 749 218 amnemamnem

176 260 283 331 iamque
291 254 452 330 assurgentis
461 253 552 309 dextra
560 251 720 326 plagamque
727 252 841 310 ferentis

175 334 278 389 Aeneae
286 331 368 386 subiit
380 345 543 392 mucronem,
555 328 699 400 ipsumque
707 327 840 384 morando

176 406 317 468 sustinuit}
338 405 402 459 socii
413 420 511 476 magno
518 401 632 458 elamore
641 407 802 474 sequuntur,

123 492 162 536 too
176 481 242 536 dum
250 479 353 553 genitor
363 479 417 533 nati
426 495 518 550 parma
526 483 657 548 protectus
666 476 765 545 abiret3

176 553 279 626 telaque
287 553 438 618 ooniiciunt,
449 550 656 623 proturbantque
664 550 774 606 eminus
783 548 886 605 hostem

177 628 334 683 missilibus.
362 624 438 682 Furit
446 628 557 691 Aeneas,
567 632 704 696 tectusque
715 631 786 679 tenet
794 641 834 680 se.

177 701 216 758 Ae
224 701 304 766 velut,
318 701 400 757 effusa
409 701 432 755 si
442 700 549 772 quando
557 699 687 773 grandine
696 698 786 753 nimbi

177 775 355 848 praecipitant,
366 776 453 830 omnis
463 774 563 846 eampis
573 773 679 846 diffugit
690 780 787 839 arator,

124 861 163 904 8⁰5
177 850 264 904 omnis
274 857 299 904 et
309 849 428 922 agricola,
440 856 465 902 ot
475 856 531 902 tuta
540 848 600 902 latet
610 863 668 901 ame
676 846 772 913 viator,

179 924 319 979 autamnis
329 923 403 994 ripis,
415 929 461 977 aut
472 921 517 976 alti
527 921 624 976 sornioe
636 920 704 986 saxi,

179 996 246 1056 dum
253 996 321 1068 pluit
329 996 359 1051 in'
368 997 452 1061 terris,
467 1004 498 1050 ut
506 995 616 1066 possint,
629 992 811 1060 solereducto,

180 1088 299 1127 exemere
310 1070 394 1127 diem:
415 1071 453 1125 sie
467 1071 578 1125 obrutus
591 1068 711 1140 undique
719 1068 782 1123 telis

180 1147 280 1201 Aeneas
290 1144 389 1200 nubem
398 1144 469 1209 belli,
481 1144 547 1198 dum
559 1143 671 1208 detonet,
681 1159 793 1198 omnem

127 1231 167 1273 tto
181 1219 301 1283 sustinet,
316 1225 341 1273 et
357 1220 474 1273 Lausum
484 1218 629 1289 increpitat,
641 1218 785 1290 Lausoque
793 1216 909 1272 minabit:

181 1293 240 1360 Quo
252 1293 377 1347 moriture
386 1292 451 1357 ruis,
462 1292 614 1364 maioraque
626 1290 731 1347 viribus
741 1290 843 1347 audes?

182 1365 437 1422 Fallitteineautum
447 1367 592 1437 pietastua.
621 1367 676 1420 Neo
684 1366 779 1420 minus
788 1364 836 1420 ille

182 1439 295 1495 exsultat
303 1441 421 1495 demens.
449 1440 546 1495 Saevae
555 1440 663 1511 iamque
673 1438 756 1494 altius
766 1439 822 1494 irae

182 1513 312 1569 Dardanio
325 1521 438 1588 surgunt
447 1513 558 1578 ductori,
570 1521 742 1584 extremaque
751 1513 841 1568 Lauso

130 1600 169 1642 815
183 1588 277 1643 Parcae
286 1587 331 1642 fila
340 1587 444 1661 legunt:
464 1586 584 1643 validum
594 1604 711 1658 namque
719 1587 807 1661 exigit
815 1600 893 1641 ensem

183 1679 231 1734 per
239 1660 357 1715 medium
366 1663 467 1717 Aeneas
477 1661 609 1723 iuvenem,
623 1668 763 1732 totumque
773 1658 892 1724 reeondit3

184 1735 288 1789 transiit
297 1741 323 1788 et
331 1752 450 1805 parmam
460 1752 559 1801 mucro,
571 1734 639 1790 levia
648 1752 723 1789 arma
733 1734 857 1800 minacis,

184 1815 210 1864 et
219 1808 344 1873 tunicam,
356 1808 430 1862 molli
440 1817 522 1864 mater
530 1826 612 1880 quam
620 1816 816 1878 neverataum3

185 1881 358 1953 implevitque
367 1883 457 1937 sinum
469 1883 592 1956 sanguis3
613 1891 670 1937 tum
682 1883 790 1954 vitaper
799 1899 875 1938 auras

132 1967 171 2010 82⁰
185 1956 311 2012 noncessit
321 1955 417 2011 moesta
425 1956 459 2011 ad
467 1957 567 2018 Manes,
576 1973 726 2028 eorpusque
735 1956 854 2031 reliquit.

186 2029 221 2085 At
232 2047 293 2085 vero
303 2038 333 2083 ut
342 2030 446 2085 vultum
459 2030 525 2084 vidit
534 2031 670 2086 morientis
678 2037 704 2084 et
712 2048 769 2096 ora,

186 2122 231 2159 ora
240 2104 326 2159 modis
335 2103 506 2159 Anchisiades
516 2104 638 2176 pallentia
647 2104 739 2160 miris:

187 2178 318 2250 ingemuit
332 2179 460 2233 miserans
473 2180 596 2250 graviter,
608 2179 786 2251 dextramque
793 2177 899 2239 otondt

188 2259 214 2307 et
222 2259 336 2306 mentem
346 2252 443 2324 patriae
452 2253 558 2307 strinxit
567 2252 668 2323 pietatis
678 2252 779 2326 imago.

135 2335 173 2378 825
188 2324 258 2391 Quid
272 2326 318 2381 tibi
333 2344 413 2392 nune,
428 2327 575 2381 miserande
584 2344 658 2398 puer,
669 2343 718 2397 pro
726 2326 857 2382 laudibus
867 2323 906 2370 'aa

189 2398 255 2471 quid
264 2399 326 2470 pius
334 2404 433 2455 Aeneas
445 2407 516 2456 tanta
525 2401 598 2456 dabit
607 2399 694 2455 indole
703 2400 842 2474 dignum?

189 2473 279 2538 Anna,
290 2473 389 2544 quibus
400 2474 516 2540 laetatus,
527 2475 595 2530 habe
606 2483 665 2543 tua3
686 2482 767 2546 teque
776 2481 902 2547 patenum

188 2547 314 2607 Manibus
324 2555 349 2603 et
358 2548 448 2614 cineri,
459 2550 541 2620 siqua
552 2556 591 2604 est
600 2567 630 2604 ea
639 2567 712 2613 cura,
725 2549 844 2606 remitto.

186 2629 246 2688 Hoc
255 2634 348 2688 tumen
357 2623 455 2685 iuieiiu
461 2624 590 2684 misenum
593 2623 845 2682 sobabenemottem:
