1846 3052
132 277 165 329 58
302 283 330 329 P.
349 280 520 329 vluclun
535 280 710 329 naucula

71 391 118 437 'tac
132 398 223 439 exerce
232 381 352 454 imperia,
364 388 484 438 etrames
493 397 629 453 compesce
636 378 760 438 fluentas.
854 408 856 415 ·

170 457 307 512 Texendae
316 473 392 528 sepes
400 457 488 523 etiem
499 462 525 512 at
533 472 615 528 pecus
622 472 704 512 anana
712 456 856 525 tenendum.

132 531 271 604 praecipue
280 530 347 586 dum
354 529 521 586 beneteuera
527 529 856 604 imprudensqualaboran

132 605 185 670 cui,
199 622 279 676 super
288 605 412 679 indignas
421 605 522 661 hiemes
531 603 668 677 solemque
676 613 819 678 petentem.

132 679 266 735 silvestres
276 679 318 735 uri
327 678 433 735 assidue
445 696 605 752 capreaeque
612 696 740 752 sequaces

80 765 119 810 aas
133 753 259 819 illudunt,
270 760 415 826 pascuntur
424 771 487 809 eves
496 753 641 827 avidaeque
650 753 788 812 iuvencae.
820 790 823 795 -

133 828 242 902 Frigora
252 845 300 884 nec
308 834 411 883 tantum
422 845 487 883 cana
495 834 612 883 concreta
621 828 727 900 pruina,

134 911 181 960 aut
188 903 279 977 gravis
288 902 445 958 incumbens
453 902 571 974 scapulis
581 903 720 969 arentibus,
727 911 820 971 aestas,

134 985 266 1051 quantum
276 976 316 1032 illi
325 993 436 1031 necuere
444 994 547 1051 greges,
559 977 673 1049 durique
684 996 817 1036 venenum

136 1053 232 1117 dentis,
244 1060 269 1107 et
279 1051 400 1106 admorso
409 1051 512 1125 signata
522 1051 550 1106 in
561 1050 643 1124 stirpe
650 1051 767 1109 cicatrix.

82 1139 121 1183 tta
135 1128 195 1183 Non
204 1126 283 1182 aliam
293 1126 327 1182 ob
336 1125 441 1199 cuipam
451 1125 551 1181 bacche
559 1143 636 1198 caper
644 1128 772 1183 omnibus
781 1128 833 1184 aris

135 1201 266 1270 caeditur3
286 1209 312 1256 et
320 1213 419 1256 veteres
429 1201 520 1256 ineunt
531 1202 667 1272 proscenia
676 1200 743 1277 ludi,

135 1277 305 1350 praemiaque
314 1275 428 1349 ingeniis
438 1293 520 1349 peges
529 1283 554 1330 et
565 1277 678 1349 compita
687 1276 789 1334 circum

137 1352 266 1408 Thesidae
276 1367 398 1423 posuere;
419 1358 499 1424 atque
508 1351 576 1405 inter
585 1349 679 1422 pocula
689 1350 750 1407 laeti

138 1426 265 1484 mallibus
274 1427 302 1482 in
313 1425 394 1498 pratis
403 1433 497 1481 unctos
506 1424 608 1481 saluere
616 1442 664 1498 per
673 1434 755 1483 utres.

84 1511 124 1557 885
137 1505 192 1559 Nec
200 1520 253 1558 non
262 1501 381 1566 Ausonii,
392 1502 468 1556 Troia
477 1502 543 1574 gens
552 1500 642 1565 missa,
654 1500 738 1556 coloni

138 1577 260 1633 versibus
269 1577 391 1632 incomtis
401 1574 497 1631 ludunt
505 1575 616 1647 risuque
627 1574 728 1644 selute;

138 1668 237 1723 oraque
246 1651 386 1705 corticibus
395 1657 507 1706 sumunt
515 1649 644 1713 horrenda
657 1651 769 1719 cavatia3

139 1733 165 1780 et
174 1733 208 1788 te,
219 1725 326 1788 bacche,
338 1732 432 1779 vocant
440 1742 486 1795 per
496 1724 614 1780 carmina
624 1723 697 1790 laeta,
709 1726 814 1800 tibique

139 1798 229 1855 oscilla
242 1815 276 1853 ex
286 1797 336 1852 alta
346 1798 513 1869 suspendunt
523 1798 612 1854 mollia
621 1799 699 1871 pinu.

86 1885 126 1930 att
139 1875 207 1930 Hinc
217 1873 304 1928 omnis
314 1871 387 1945 largo
396 1873 516 1944 pubescit
526 1874 603 1930 uinea
612 1873 680 1942 fetu3

141 1945 306 2019 complentur
315 1947 450 2019 vallesque
458 1964 538 2004 cavae
546 1946 683 2020 saltusque
692 1947 826 2020 profundi.

140 2031 167 2079 et
175 2039 335 2094 quocunque
344 2023 409 2078 deus
418 2023 516 2077 circum
528 2032 606 2095 caput
614 2024 668 2097 egit
677 2024 830 2081 honestum.

140 2098 212 2172 Ergo
221 2097 269 2152 rite
278 2114 359 2153 suum
368 2097 468 2152 Bnccbc
477 2093 596 2152 dicemus
607 2099 733 2154 honorem

141 2172 304 2228 carminibus
312 2172 413 2244 patriis,
426 2171 566 2245 lancesque
575 2181 601 2228 et
610 2173 663 2228 liba
673 2173 803 2244 feremus;

88 2258 128 2303 aaa
142 2256 167 2304 et
175 2248 271 2304 ductus
280 2264 363 2303 cornu
373 2246 452 2302 stabit
460 2264 533 2302 sacer
541 2247 633 2303 hircus
641 2247 676 2302 ad
685 2265 767 2313 aram,

142 2323 307 2396 pinguiaque
318 2322 346 2378 in
356 2321 464 2379 veribus
473 2321 631 2377 torrebimus
641 2329 701 2394 exta
709 2323 838 2379 columis.

180 2398 228 2452 Est
237 2397 315 2452 etiam
326 2397 371 2453 ille
379 2397 453 2452 labor
462 2396 586 2451 curandis
595 2397 696 2453 vitibus
706 2397 780 2464 alter,

144 2472 188 2527 cui
203 2487 343 2545 nunquam
356 2472 478 2528 exhausti
492 2471 556 2527 satis
568 2479 622 2528 est:
644 2489 761 2544 namque
772 2488 856 2529 omne

582 2547 726 2619 quotannis

145 2627 237 2693 terque
249 2627 395 2693 quaterque
408 2619 497 2676 solum
510 2619 695 2708 scindendum,
709 2620 845 2696 glebaque

82 2777 126 2823 roc
138 2776 279 2829 aeternum
287 2766 437 2849 frangenda
444 2713 711 2840 brasaruaiffriffia
720 2769 856 2829 levandus
