1846 3052
130 154 181 210 396
298 161 327 206 1².
346 157 711 207 v11ac1n11unuom1s

130 261 248 318 volvitur
256 266 311 315 ater
319 258 383 314 odor
393 258 481 326 tectis3
501 264 560 312 tum
568 274 711 314 murmure
719 275 797 315 caeco

130 335 204 391 intus
212 339 394 401 auximana
414 349 511 388 vacuas
520 332 541 386 it
549 331 643 387 sumus
652 333 689 388 ad
697 351 788 389 auras.

168 407 270 464 Accidit
277 407 342 463 haec
350 405 428 463 sessis
436 406 515 461 etiam
524 405 628 462 fortuna
638 408 753 474 Latinis,

132 500 201 556 quac
212 489 294 537 totam
302 481 376 537 luctu
384 481 517 537 concussit
528 479 649 536 funditus
661 483 771 538 urbem.

77 569 117 613 sos
130 557 231 630 Regina
239 563 269 612 ut
277 556 351 611 tectis
361 555 510 610 venientem
518 557 645 627 prospicit
656 557 775 624 bomem,

131 630 227 687 incessi
239 647 338 694 muros,
348 630 423 704 ignes
433 629 540 684 adtacta
550 630 651 696 volarc3

132 722 266 776 nusquam
277 705 345 761 acies
356 702 569 770 contraRutulas‚
583 704 657 760 nulla
669 707 780 778 agmina
785 707 847 763 Turi

133 777 227 835 infelix
235 796 341 851 pugnae
350 778 473 833 iuvenem
483 778 512 832 in
522 779 664 834 certamine
675 782 762 835 credit

133 853 307 921 exstinctum
327 859 362 915 et,
374 852 464 907 subito
473 860 589 907 mentem
598 853 706 908 turbata
714 854 815 924 dolore,

80 939 119 983 too
133 946 162 983 sc
171 944 292 983 caussam
300 925 404 992 clamat,
415 927 579 998 crimenque,
590 935 726 1000 caputque
734 929 847 985 malorun

134 1001 272 1075 multaque
281 1018 328 1074 per
336 1007 467 1057 moestum
475 1000 586 1055 demens
596 1001 673 1056 effata
682 1002 812 1070 furorem,

134 1093 281 1149 purpureos
292 1075 418 1132 moritura
427 1092 509 1129 manu
519 1075 644 1130 discindit
653 1078 780 1144 amictus,

135 1159 161 1206 et
172 1151 274 1206 nodum
283 1149 404 1206 informis
413 1148 457 1204 leti
467 1149 540 1204 trabe
545 1150 624 1204 nectit
636 1150 672 1205 ab
687 1151 750 1207 alte.

135 1225 222 1292 Quam
231 1224 332 1279 cladem
341 1225 451 1279 miserae
460 1230 601 1295 postquam
610 1241 734 1296 accepera
743 1226 847 1282 Latinas

83 1309 121 1354 ooo
136 1299 191 1354 iilia
202 1299 288 1371 prima
298 1316 380 1354 manu
388 1297 469 1353 llavos
478 1298 589 1353 Lavinia
598 1299 685 1353 crines

136 1381 162 1428 et
169 1390 256 1429 roseas
267 1372 363 1428 laniata
373 1390 463 1446 genas,
474 1378 533 1427 tum
542 1379 624 1427 cetera
634 1374 739 1428 circum

136 1447 223 1512 turba,
234 1446 311 1514 lurit3
333 1453 455 1502 resonant
464 1445 514 1501 late
522 1446 696 1520 plangoribus
706 1447 797 1503 aedes.

136 1522 205 1576 Hinc
211 1528 292 1576 totam
302 1520 395 1576 infelix
404 1520 529 1594 vulgatur
537 1520 606 1576 lama
616 1539 663 1593 per
673 1523 782 1578 urbem.

136 1597 282 1651 Demittunt
290 1603 404 1664 mentes;
426 1596 446 1649 it
456 1596 538 1650 scissa
547 1604 617 1651 veste
626 1597 751 1662 Latinus,

84 1681 123 1726 cto
138 1670 259 1742 coniugis
269 1670 394 1725 attonitus
407 1668 477 1733 latis,
489 1670 617 1742 urbisque
627 1672 714 1737 ruina,

138 1743 259 1799 canitiem
269 1743 409 1800 immundo
421 1743 554 1816 perfusam
562 1744 673 1817 pulvere
681 1753 808 1816 turpans;

141 1817 287 1894 [multaque
300 1834 329 1872 sc
342 1818 454 1884 incuset,
466 1819 513 1890 qui
524 1837 577 1874 non
586 1820 713 1890 acceperit
722 1829 787 1876 ante

139 1891 301 1948 Dardanium
317 1893 433 1955 Aenean.
448 1911 629 1966 generumque
641 1894 786 1950 adsciverit
794 1893 847 1950 ulto

176 1967 276 2022 lnterea
285 1972 401 2021 extremo
410 1967 520 2023 bellator
528 1968 557 2022 in
568 1985 681 2039 aequore
690 1971 801 2024 Turnus

86 2053 125 2097 otu
139 2041 256 2113 palantes
266 2040 501 2112 sequiturpaucos
515 2043 569 2097 iam
578 2044 696 2115 segnior,
708 2052 792 2115 atque

140 2117 194 2170 iam
208 2115 299 2170 miuus
312 2123 391 2187 atque
407 2115 498 2170 minus
511 2133 633 2171 successu
649 2115 735 2172 laetus
744 2135 847 2191 equoru

141 2189 235 2244 Attulit
244 2189 317 2244 bunc
326 2189 365 2243 illi
374 2190 456 2244 caecis
466 2191 609 2246 terroribus
619 2209 683 2246 aum

141 2263 315 2319 commixtum
328 2263 476 2332 clamorem,
489 2272 653 2336 arrectasque
663 2265 774 2336 impulit
783 2283 847 2322 aure

142 2335 266 2392 confusae
275 2355 358 2392 sonus
367 2339 442 2394 urbis
448 2346 473 2393 et
482 2339 620 2394 illaetabile
630 2357 766 2395 murmur.

89 2423 128 2467 oto
142 2411 189 2466 Hei
199 2410 280 2464 mihil
302 2412 369 2483 quid
381 2420 452 2468 tanto
463 2413 604 2469 turbantur
615 2414 718 2469 moenia
729 2414 824 2471 luctu?

144 2485 240 2556 quisve
252 2483 305 2539 ruit
314 2493 402 2542 tantus
414 2488 519 2543 diversa
527 2487 626 2543 clamor
635 2489 669 2543 ab
679 2489 766 2544 urbe?

144 2560 187 2617 Sic
199 2560 245 2626 ait,
256 2558 430 2632 adductisque
439 2580 531 2617 amens
543 2563 665 2618 subsistit
675 2563 800 2620 habenis.

142 2639 235 2716 Atque
241 2635 320 2706 huic,
329 2635 363 2694 in
368 2633 465 2694 laniem
471 2653 543 2692 soror
549 2645 584 2692 ut
589 2639 828 2696 conuenaeblatisci
