1846 3052
169 183 365 231 nnunrnos
383 185 456 230 nra.
475 185 546 246 vm,
676 181 723 235 200

106 284 220 348 Arcadii,
233 302 339 356 quaeso,
352 285 509 340 miserescite
517 285 596 358 regis,

106 358 324 430 sauditepreoes:
345 359 373 414 Si
383 361 494 415 numina
502 367 589 416 vestra

106 450 145 486 ern
155 433 272 488 Pallanta
284 434 361 498 mihi,
376 434 399 488 si
408 432 460 489 lata
469 441 610 500 reservant,
744 446 781 489 515

106 525 199 561 iseum
209 509 280 573 vivo,
290 515 315 563 et
325 515 452 564 venturus
462 508 594 575 inunum,

106 599 137 650 ·ο;
158 583 241 653 patiar
251 584 373 654 quemvis
381 583 475 638 durare
484 582 613 638 laborem:

106 673 156 710 rem
169 656 307 711 infandum
317 675 417 724 casum,
428 658 553 723 Fortuna,
566 659 686 724 minaris,

106 748 180 786 unco
190 731 263 785 liceat
272 730 403 787 crudelem
414 732 568 804 abrumpere
576 733 668 799 viram,

106 824 140 860 ae
149 806 297 879 ambiguae,
308 806 372 861 dum
384 824 444 878 spes
455 808 551 862 ineerta
560 805 651 874 futuri,
742 818 781 863 500

109 898 167 935 care
176 898 250 951 puer,
258 898 319 943 mea
328 880 384 936 sola
395 890 421 936 et
429 899 486 937 sera
494 881 625 954 voluptas,

108 963 223 1023 uteneo;
244 957 348 1028 gravior
357 973 390 1010 ne
399 957 509 1012 nuntius
518 975 595 1012 aures

109 1071 115 1084 .
147 1032 214 1085 Haec
222 1030 323 1102 genitor
332 1031 452 1104 digressu
462 1032 529 1086 diota
539 1047 663 1102 supremo

107 1111 130 1158 t:
150 1103 242 1159 lamuli
252 1104 398 1176 collapsum
408 1106 508 1160 intecta
519 1104 644 1160 ferebant.

107 1197 135 1233 ae
144 1179 207 1234 adeo
217 1179 313 1234 exierat
322 1181 403 1250 portis
412 1181 544 1251 equitatus
553 1180 661 1251 apertis:
743 1190 782 1234 585

107 1261 167 1308 nter
176 1254 276 1325 primos
288 1262 313 1308 et
321 1254 391 1308 fidus
401 1253 525 1321 Achatem

115 1329 205 1382 Troiae
213 1346 344 1400 procerem
365 1328 422 1398 ipse
433 1327 630 1402 agminePallas

107 1420 125 1467 n,
137 1402 276 1477 chlamyde
285 1410 310 1457 et
318 1402 394 1474 pictis
404 1409 557 1474 conspectus
570 1403 596 1458 in
608 1403 702 1457 armis:

110 1478 136 1531 bi
146 1476 241 1532 Ooeani
252 1477 374 1548 perfusus
384 1476 487 1532 Luciler
497 1476 577 1541 unda,

107 1570 168 1606 enus
181 1560 239 1607 ante
248 1552 311 1607 alios
324 1559 453 1607 astrorum
465 1550 553 1626 diligit
561 1552 643 1681 ἰῗιιοε,
744 1562 782 1605 500

109 1645 121 1681 s
132 1643 236 1682 sacrum
245 1627 324 1692 coelo,
337 1626 508 1699 tenebrasque
516 1643 574 1682 reso
584 1627 630 1683 vit.

109 1702 184 1757 vidae
193 1702 221 1756 in
231 1703 315 1758 muris
326 1709 429 1768 matres,
441 1701 577 1774 oculisque
586 1709 733 1774 sequuntur

107 1794 141 1831 un
155 1777 253 1832 nubem
262 1784 287 1831 el
295 1774 425 1850 fulgentes
437 1793 495 1833 aere
503 1784 628 1832 catervas.

108 1851 275 1923 dumosque
289 1851 409 1922 proxima
418 1860 486 1907 meta
495 1852 609 1917 viarum,

107 1927 212 1981 endunt.
239 1926 379 1991 1101οω00,
391 1933 416 1982 et
425 1927 530 2002 agmine
539 1925 604 1981 lacto
744 1935 782 1978 505

107 2000 736 2073 edanteputremeonituquatitungulaoampum.

108 2093 140 2129 ns
148 2075 265 2149 gelidum
275 2075 351 2130 lucus
359 2093 439 2148 prope
449 2076 555 2132 Caeritis
565 2091 680 2138 amnem,

107 2166 125 2204 e
134 2157 238 2221 patrum
251 2150 394 2218 latesacer;
415 2146 621 2222 undiqueoolles

107 2225 185 2279 ecavi
195 2232 220 2279 et
230 2225 304 2298 nigra
314 2242 408 2280 nemus
417 2224 499 2279 abiete
507 2224 630 2296 cingunt3

108 2299 175 2354 lama
185 2306 224 2354 est
233 2308 331 2354 veteres
340 2316 456 2354 sacrasse
464 2297 595 2370 Pelasgos,
744 2307 783 2350 ooo

107 2393 113 2427 ι
124 2374 276 2445 pecorisque
284 2374 341 2439 deo,
354 2373 497 2445 lucumque
505 2372 638 2443 diemque,

108 2451 129 2503 ri
141 2449 207 2504 fines
217 2449 359 2520 aliquando
368 2449 483 2504 habuere
490 2447 607 2503 Latinos.

108 2522 166 2578 ocul
176 2524 240 2579 hino
249 2524 349 2579 Tarcho
358 2531 383 2578 et
394 2523 522 2598 Tyrrheni
531 2529 586 2577 tuta
596 2520 718 2577 tenebant

108 2598 158 2663 eis,
170 2597 290 2671 oelsoque
301 2598 387 2653 omnis
396 2598 428 2653 de
437 2596 502 2654 oolle
510 2597 593 2654 videri

108 2671 238 2746 ratlegio,
249 2672 342 2731 etlatr'e
355 2674 479 2734 tendebat
487 2674 519 2735 in
528 2673 614 2733 aruis.
759 2677 805 2720 mu

588 2767 645 2826 ’11
