1846 3052
130 147 181 204 260
298 154 328 199 Ρ.
348 147 519 197 VIRGILII
534 146 709 195 HARONIS

78 260 118 306 cis
132 253 186 307 Nec
195 267 248 306 nou
259 250 396 305 Threicius
407 249 484 322 longa
493 265 556 304 curn
564 255 637 304 vesta
644 247 765 303 sacerdos

131 325 283 397 obloquitur
293 325 412 380 numeris
423 331 522 395 septem
532 322 688 378 discrimina
696 339 793 377 vocum

131 401 239 470 iamque
247 399 338 455 eadem
351 398 451 473 digitis,
464 399 517 451 iam
526 398 629 468 pectine
637 397 794 468 pulsatabur

130 475 179 528 llic
187 490 272 547 genus
282 475 423 544 antiquum
433 473 535 536 Teucri,
549 470 728 543 pulcherrima
736 471 794 544 prol

131 548 296 621 magnanimi
304 549 405 611 heroes,
417 547 472 602 nati
481 545 635 601 melioribus
645 547 733 612 annis,

78 634 117 678 55⁰
131 621 248 693 Ilusque,
267 623 472 693 Assaracusque,
487 631 515 676 et
527 621 619 674 Troiae
627 621 768 675 Dardanus
777 639 794 675 a·

131 701 212 752 Arma
222 696 312 768 procul
322 713 469 767 currusque
477 695 567 749 rirdm
577 695 689 749 miratur
699 695 790 750 inanes

132 771 207 826 Stant
216 779 283 826 terre
292 771 394 826 defixae
402 769 500 834 hastae,
512 769 666 840 passimque
675 768 755 824 soluti

78 880 99 899 .
131 863 178 916 per
186 862 293 916 campos
305 853 449 916 pascuntur
457 845 528 914 aqui.
556 843 629 909 Quae
640 845 725 916 gratia
735 861 795 898 curr

133 936 321 991 armorumque
329 918 380 973 luit
389 918 467 983 vivis,
480 934 619 989 quaecum
630 918 742 985 nitentes

79 1005 117 1048 655
131 1010 236 1065 pascere
245 1010 336 1064 equos,
348 993 439 1047 eadem
449 993 570 1063 sequitur
578 991 671 1046 tellure
680 995 794 1063 repostos

133 1068 275 1139 Conspicit,
288 1085 354 1132 ecce,
366 1066 431 1122 alios
440 1067 531 1121 dextra
543 1065 670 1137 laevaque
678 1084 725 1137 per
733 1068 794 1122 herl

132 1149 275 1208 vescentes,
287 1141 438 1213 laetumque
447 1141 526 1196 choro
534 1156 636 1212 paeana
644 1149 777 1206 canentes,

133 1217 201 1270 inter
211 1217 348 1272 odoratum
355 1216 423 1271 lauri
432 1232 542 1272 nemus:
562 1215 634 1269 unde
643 1232 761 1286 superne

133 1290 267 1362 plurimus
276 1292 385 1346 Eridani
394 1308 441 1361 per
450 1289 546 1344 silvam
556 1289 673 1345 volvitur
682 1291 780 1344 amnis.

79 1376 118 1419 tto
133 1366 181 1420 Hic
190 1383 295 1430 manus,
307 1366 342 1420 ob
350 1365 461 1436 patriam
470 1363 614 1437 pugnando
623 1363 735 1419 vulnera
745 1382 794 1436 pas

133 1440 235 1511 quique
245 1439 389 1496 sacerdotes
398 1439 471 1499 casti,
483 1438 549 1492 dum
558 1439 610 1493 rite
622 1439 755 1503 manebat,

132 1514 235 1586 quique
242 1516 281 1586 pii
291 1522 373 1579 vates,
384 1521 409 1568 et
419 1513 522 1568 Phoebo
531 1513 612 1586 digna
622 1512 711 1577 locuti,

133 1589 253 1644 inventas
266 1597 312 1643 aut
321 1589 368 1661 qui
379 1589 460 1643 vitam
471 1587 606 1643 excoluere
615 1604 662 1658 per
672 1595 751 1651 artes,

133 1659 235 1734 quique
243 1663 287 1717 sui
296 1680 424 1718 memores
434 1661 499 1717 alios
508 1661 590 1717 secere
599 1662 734 1716 merendo.

79 1746 118 1789 tas
133 1735 265 1792 Omnibus
273 1736 317 1791 his
327 1739 403 1792 nivea
412 1738 556 1810 cinguntur
564 1743 681 1807 tempora
691 1712 794 1800 vitta)

133 1809 700 1885 QuoscircumfusossicestaffatsSibylla;
767 1812 770 1821 '

132 1886 271 1939 Musaeum
281 1892 341 1940 aute
351 1903 457 1941 omncs:
478 1884 794 1956 mediumuamplurimr

133 1959 206 2013 hunc
214 1959 301 2026 habet,
314 1961 520 2032 atquehumeris
528 1967 673 2016 exstantem
681 1960 794 2031 suspicit

136 2034 226 2099 Dicite,
238 2033 327 2089 felices
335 2035 447 2100 animae,
458 2043 550 2107 tuque,
561 2035 659 2106 optime
669 2042 757 2089 vates:

80 2117 119 2160 oto
134 2125 202 2179 quae
211 2109 283 2182 regio
292 2109 434 2172 Anchisen,
449 2110 511 2181 quis
519 2110 598 2165 habet
607 2107 699 2162 locus?
716 2108 794 2163 Illius

133 2183 266 2248 venimus,
278 2193 304 2238 et
313 2184 511 2256 magnosErebi
521 2182 684 2239 tranavimus
694 2200 794 2238 amnas,

133 2255 222 2328 Atque
230 2258 294 2313 huic
302 2275 458 2330 responsum
468 2259 559 2328 paucis
568 2258 603 2312 ita
613 2256 727 2312 reddidit
737 2257 794 2313 hert

134 2330 208 2385 Nulli
219 2340 285 2386 certe
295 2333 407 2399 domus,
427 2331 494 2387 lucis
504 2333 655 2387 habitamus
666 2333 767 2402 opocis,

135 2405 307 2478 riparumque
315 2415 385 2461 toros
394 2415 419 2461 et
427 2415 500 2479 prata
510 2408 621 2462 recentia
630 2406 697 2460 rivis

81 2488 120 2532 tts
133 2478 285 2534 incolimus.
315 2481 366 2536 Sed
376 2498 432 2547 vos,
444 2482 468 2536 si
477 2481 525 2536 lert
535 2483 570 2536 ita
580 2481 656 2536 corde
666 2478 792 2535 voluntas

134 2553 185 2608 hoc
197 2561 319 2626 superata
328 2555 437 2628 iugum3
459 2564 485 2610 et
493 2555 562 2610 facili
573 2556 626 2610 iam
635 2555 740 2627 tramite
749 2556 794 2610 sist

127 2630 213 2702 Dixit,
226 2639 253 2690 et
264 2639 325 2691 ante
333 2629 396 2690 tulit
405 2648 540 2708 gressum,
547 2646 708 2701 camposque
713 2630 794 2687 uitem
