1846 3052
181 144 230 196 lll
342 149 373 194 P.
393 146 563 195 VIRGILII
579 144 754 192 honorus

179 250 228 304 hac
237 247 357 321 fugerent
366 245 448 311 Graii,
461 252 588 317 premeret
597 244 708 300 Troiana
718 244 861 313 iuventus;

179 325 228 378 hac
236 324 363 396 Phryges,
376 321 483 377 instaret
491 338 571 374 curru
582 320 704 374 cristatus
713 319 842 377 Achilles.

179 399 232 452 Nee
240 396 330 468 procul
339 396 403 451 hino
411 394 490 449 Rhesi
501 395 585 449 niveis
594 394 703 449 tentoria
711 394 780 448 velis

125 481 164 527 tto
180 471 296 546 agnoscit
306 471 455 536 lacrimans,
465 469 552 540 primo
561 486 629 540 quae
637 468 740 540 prodita
750 485 845 525 somno

179 545 294 621 Tydides
304 544 387 600 multa
399 544 518 600 vastabat
525 544 603 598 caede
611 549 745 609 cruentus,

180 621 352 692 ardentesque
363 619 455 675 avertit
463 635 545 690 equos
555 619 584 673 in
594 625 687 684 castra,
699 618 776 689 prius
785 635 869 692 quam

179 695 277 768 pabula
285 700 435 768 gustassent
445 693 536 748 Troiae
544 692 737 764 Xanthumque
746 693 884 750 bibissent

180 772 255 826 Parte
263 768 314 824 alia
324 767 428 842 fugiens
438 767 544 822 amissis
554 765 658 822 Troilus
667 769 757 832 armis,

127 854 166 900 tte
181 843 274 899 infelix
282 861 357 914 puer,
371 843 545 914 atqueimpar
553 859 711 915 oongressus
720 839 829 908 Achilli,

181 918 262 974 fertur
271 918 356 990 equis,
368 934 501 990 curruque
510 917 598 972 haeret
608 917 749 988 resupinus
759 916 845 982 inani,

181 994 237 1050 lora
244 1001 336 1048 tenens
345 999 446 1062 tamen;
467 992 531 1047 huie
539 992 683 1064 cervixque
694 1008 841 1064 comaeque

670 1066 815 1121 trahuntur

183 1160 229 1215 per
238 1149 343 1204 terram,
354 1149 379 1196 et
388 1159 461 1196 versa
471 1141 560 1213 pulvis
571 1139 723 1195 inscribitur
732 1141 816 1197 hasta.

182 1220 281 1272 Interea
292 1217 324 1272 ad
333 1216 462 1289 templum
473 1233 524 1270 non
535 1232 633 1286 aequae
642 1213 756 1269 Palladis
767 1215 843 1271 ibant

129 1302 168 1348 lto
183 1293 302 1347 crinibus
310 1291 403 1346 Iliades
416 1291 510 1362 passis,
521 1289 683 1362 peplumque
692 1288 811 1345 ferebant

184 1367 336 1438 suppliciter
345 1368 440 1432 tristes,
452 1373 477 1420 et
485 1373 578 1420 tunsae
589 1373 691 1436 pectora
703 1363 811 1436 palmis.

184 1443 250 1496 Diva
260 1441 316 1495 solo
325 1441 392 1495 fixos
402 1441 491 1496 oeulos
501 1456 592 1495 aversa
601 1439 714 1503 tenebat.
740 1508 743 1513 Ι
779 1488 797 1499 ,.

184 1517 235 1570 Ter
246 1516 346 1569 circum
355 1516 446 1570 Iliacos
457 1521 602 1586 raptaverat
609 1516 716 1568 Hectora
725 1528 828 1578 muros,

184 1590 391 1661 exanimumque
400 1607 463 1644 auro
472 1607 568 1661 corpus
577 1588 707 1644 vendebat
716 1587 844 1642 Achilles.

131 1674 170 1721 485
184 1666 254 1718 Tum
262 1680 325 1719 vero
335 1663 467 1736 ingentem
478 1665 607 1738 gemitum
616 1663 661 1718 dat
671 1670 772 1734 pectore
781 1662 817 1717 ab
825 1662 888 1727 imo.

185 1746 215 1794 ut
225 1738 317 1808 spolia,
329 1744 359 1791 ut
367 1755 471 1803 currus,
483 1747 565 1811 utque
573 1740 663 1809 ipsum
672 1754 768 1808 eorpus
777 1736 858 1792 amici

187 1812 493 1884 tendentemque'manus
504 1813 637 1868 Priamum
647 1811 784 1883 conspexit
793 1812 914 1867 inermes.

187 1889 220 1944 Se
228 1904 334 1960 quoque
343 1887 508 1959 principibus
518 1889 678 1960 permixtum
688 1886 797 1960 agnovit
805 1884 921 1951 Arhiria3

188 1980 300 2035 eoasque
309 1963 376 2018 acies
386 1971 410 2016 et
420 1963 489 2036 nigri
498 1963 645 2018 Memnonis
655 1979 735 2017 arma.

133 2047 173 2093 ltu
187 2039 262 2093 Ducit
271 2037 464 2094 Amazonidum
473 2037 570 2092 lunatis
580 2037 686 2110 agmina
696 2035 774 2107 peltis

188 2113 350 2168 Penthesilea
360 2112 459 2178 furens,
472 2112 620 2184 mediisque
629 2112 657 2166 in
667 2110 788 2165 millibus
798 2108 881 2175 ardet.

189 2206 267 2243 aurea
277 2189 434 2243 subnectens
443 2194 558 2242 exsertae
568 2186 673 2260 cingula
684 2201 827 2251 mammae,

189 2261 320 2328 bellatrix,
331 2264 461 2334 audetque
472 2262 536 2316 viris
545 2277 698 2316 concurrere
707 2260 806 2334 virgo..

228 2339 295 2390 Haec
305 2338 370 2391 dum
380 2337 509 2392 Dardanio
518 2336 619 2391 Aeneae
629 2333 748 2390 miranda
759 2333 895 2402 videntur,

136 2421 176 2467 lto
191 2411 256 2466 dum
265 2418 361 2482 stupet,
376 2412 522 2483 obtutuque
530 2411 619 2466 haeret
628 2409 731 2465 defixus
742 2409 770 2463 in
780 2426 845 2477 uno,

191 2486 282 2560 regina
292 2485 326 2539 ad
335 2485 473 2557 templum,
484 2484 568 2540 forma
577 2483 753 2557 pulcherrima
762 2483 839 2550 Dido,

191 2560 305 2624 incessit,
318 2577 413 2633 magna
424 2561 551 2615 iuvenum
560 2561 672 2631 stipante
683 2565 796 2613 caterva.

192 2635 286 2708 Qualis
296 2636 324 2692 in
333 2635 446 2693 Eurotae
454 2635 530 2709 ripis„
541 2642 585 2690 aut
595 2653 641 2706 per
650 2636 711 2707 iuga
721 2632 820 2708 Cynthi
