1846 3052
416 282 448 335 96
579 289 610 335 Ρ.
629 288 800 335 VIRGILII
817 289 881 335 MA]

416 405 498 460 quom
506 387 590 443 multa
599 389 627 444 in
636 387 706 443 foliis
715 391 805 443 avium
815 406 845 443 se
853 406 880 442 rn

415 480 509 535 vesper
518 463 565 518 ubi
576 471 622 518 aut
629 464 756 519 hibernus
767 464 821 536 agit
832 463 881 517 der

362 544 401 591 475
415 545 520 603 matres,
532 545 611 610 atque
620 540 680 604 viri,
692 538 881 609 defunctaque«

415 612 617 685 magnanimum
629 615 747 677 heroum,
759 615 842 683 pueri,
856 615 881 667 in

415 687 585 759 impositique
595 690 665 761 rogis
674 689 782 742 iuvenes
793 698 852 742 onte
861 706 881 741 or

416 779 483 833 quos
493 763 592 817 circum
602 762 682 817 limus
694 763 777 836 niger,
788 772 814 816 et
822 763 879 816 deso

416 837 507 911 Cocyti
515 838 641 923 tardaque
652 838 728 909 palus
739 838 881 892 incurabili

361 920 402 966 000
416 911 514 985 alligat,
496 920 552 967 tet
562 914 651 967 novies
661 914 690 966 St
681 921 728 985 tyx
739 912 881 967 interfusa<

416 986 504 1052 Quin
498 1005 569 1058 ipsae
577 996 701 1057 stupuere
710 987 805 1041 domus
817 997 879 1058 atqu

416 1062 531 1119 Tartara
543 1063 728 1133 caeruleosque
738 1063 881 1132 implerer«

415 1136 583 1201 Eumenides,
596 1139 733 1209 tenuitque
744 1137 850 1192 inhians
859 1148 881 1191 tr

416 1219 494 1283 atque
504 1212 598 1266 Ixionii
608 1220 684 1266 vento
695 1220 749 1266 rota
758 1214 873 1266 constitit

362 1293 400 1340 405
414 1288 523 1358 Iamque
533 1287 625 1358 pedem
636 1287 748 1342 reserens
758 1305 834 1342 casus
844 1306 881 1342 eu

416 1363 568 1434 redditique
577 1363 707 1437 Eurydice
717 1381 826 1433 superos
835 1382 881 1417 ven

415 1455 619 1510 ponesequens3
641 1439 881 1510 namquehauodc

416 1604 501 1659 quum
511 1588 598 1642 subita
608 1589 743 1643 incautum
752 1589 881 1643 dementia

416 1662 574 1733 ignoscenda
585 1663 703 1734 quidem,
715 1665 810 1718 scirent
820 1665 841 1716 si
853 1665 880 1736 ig

362 1744 401 1790 tto
416 1736 516 1801 restitit,
528 1737 732 1810 Eurydicenque
744 1757 821 1792 suern
832 1740 881 1792 iarn

416 1811 633 1875 immemor,heu1
648 1813 786 1899 victusque
796 1815 878 1867 animi

416 1885 516 1939 effusus
526 1885 607 1949 labor,
620 1895 699 1958 atque
709 1889 819 1941 immitis
831 1907 881 1959 rup

416 1959 527 2026 foedere,
540 1971 663 2032 terquer
640 1961 663 2015 fr
664 1980 726 2036 agor
736 1965 836 2035 stagnis
847 1983 879 2017 au

416 2034 472 2101 Illa,
487 2003 553 2102 Qriis
563 2045 648 2103 ctme,
663 2039 758 2110 inquit,
771 2039 881 2092 miseran

363 2192 402 2239 405
417 2186 478 2257 quis
488 2194 575 2241 tentus
585 2187 675 2242 suror‘?
693 2189 752 2242 En
745 2196 838 2243 rtorurn
849 2206 881 2242 cr¹

417 2259 468 2316 iata
478 2270 580 2327 vocant,
592 2264 731 2335 conditque
741 2265 856 2318 natantia
868 2263 881 2316 u

417 2337 601 2407 lamquovnle.
621 2340 700 2393 Feror
710 2339 808 2411 ingenti
819 2340 881 2393 circi

419 2411 601 2484 invalidasque
612 2415 658 2467 tibi
670 2415 787 2478 tendens,
800 2415 866 2468 heu!

417 2484 499 2550 Dixit,
510 2494 535 2540 et
543 2505 576 2542 ex
585 2488 669 2542 oculis
678 2489 774 2553 subito,
786 2506 833 2543 eeu
844 2489 881 2542 fur

365 2572 403 2615 500
417 2562 577 2616 commixtus
586 2570 685 2626 tenues,
698 2562 767 2636 sugit
776 2564 878 2618 diversa

418 2644 585 2707 prensantem
593 2638 773 2709 nequidquam
781 2640 881 2694 umbra:

418 2711 511 2777 dicere,
521 2712 741 2785 praetereavidit3
763 2716 881 2785 neoporti

408 2788 530 2864 emplius
540 2789 673 2850 obiectam
683 2789 881 2867 passustrens'u
