1846 3052
132 295 165 350 9l
295 301 326 347 1³.
345 296 520 347 VIRGILII
536 295 712 345 nanctus

76 409 117 458 tto
131 401 241 468 excidet,
254 408 299 456 aut
308 401 336 456 in
346 417 430 474 aquae
439 407 531 455 anuas
538 398 661 472 dilapsus
670 399 765 456 abibit.

131 477 191 544 sed,
203 484 303 550 quanto
312 476 357 532 ille
366 476 453 550 magis
463 474 560 531 formas
569 493 599 530 se
607 482 689 530 vertet
697 475 727 530 in
736 493 837 543 omnes,

130 559 211 618 tanto,
225 560 292 618 nate,
305 553 392 626 magis
401 551 528 607 contende
536 551 636 607 tenacia
645 550 748 608 vincla:

131 629 214 684 donec
225 628 284 682 talis
295 628 344 683 erit
353 635 453 682 mutato
461 644 578 700 corpore,
592 626 701 699 qualem

131 704 238 770 videris,
251 704 355 775 incepto
364 710 461 777 tegeret
470 720 557 776 quum
567 701 669 758 lumina
678 719 780 758 somno.

76 785 116 834 415
167 781 236 834 llaec
245 779 290 845 ait,
301 786 326 833 et
334 778 467 851 liquidum
475 777 870 834 ambrosiaediffunditodorem:

131 871 186 927 quo
194 861 279 910 totum
290 855 343 909 nati
352 871 448 926 corpus
457 854 594 926 perduxit3
615 862 642 908 at
653 854 695 908 illi

131 930 216 986 dulcis
226 930 378 1001 compositis
388 930 499 1001 spiravit
507 930 627 985 crinibus
636 947 710 995 aura,

132 1013 211 1079 atque
222 1005 320 1061 babilis
333 1005 461 1061 membris
474 1006 547 1061 venit
558 1006 644 1080 vigor.
666 1006 715 1060 Est
727 1020 823 1076 specus

624 1098 652 1135 ru
672 1098 719 1135 ens

131 1155 203 1212 exesi
212 1154 291 1210 latere
302 1154 331 1210 in
340 1156 448 1221 montis,
460 1172 514 1228 quo
523 1154 639 1228 plurima
649 1098 728 1212 lento

77 1239 117 1287 tlt
131 1231 233 1306 cogitur
241 1231 324 1303 inque
333 1231 410 1287 sinus
419 1231 515 1286 scindit
524 1249 582 1286 sese
592 1231 664 1286 unda
673 1232 808 1302 reductos3

131 1306 266 1379 deprensis
275 1306 339 1362 olim
349 1308 426 1362 statio
436 1306 568 1362 tutissima
577 1307 679 1376 nautis3

131 1383 203 1438 intus
213 1400 241 1438 se
250 1383 319 1440 vasti
328 1384 436 1438 Proteus
447 1383 512 1456 tegit
520 1382 604 1436 obiice
614 1383 683 1438 saxi.

130 1459 179 1514 llic
188 1459 312 1515 iuvenem
321 1459 350 1515 in
362 1458 468 1515 latebris
483 1475 606 1513 aversum
616 1476 631 1512 a
641 1457 743 1513 lumine
752 1457 873 1532 Nympha

131 1534 251 1590 collocat:
273 1535 330 1607 ipsa
340 1534 431 1607 procul
443 1533 548 1590 nebulis
557 1533 669 1588 obscura
681 1532 790 1588 resistit.

77 1616 116 1663 425
131 1611 186 1664 lam
197 1609 305 1681 rapidus
314 1617 415 1665 torrens
425 1611 542 1664 sitientes
551 1608 637 1663 Sirius
647 1609 727 1663 Indos

132 1685 251 1753 ardebat3
271 1685 343 1740 coelo
352 1686 505 1740 etmedium
515 1684 554 1739 sol
565 1684 660 1758 igneus
669 1684 761 1739 orbem

130 1760 268 1829 hauserat;
289 1760 397 1814 arebant
409 1760 513 1826 herbae,
527 1768 626 1815 etcava
635 1759 746 1815 llumina
755 1760 833 1815 siccis

131 1834 252 1891 faucibus
262 1833 296 1889 ad
306 1834 402 1890 limum
411 1834 478 1889 radii
489 1834 612 1906 tepefacta
622 1835 782 1908 coquebant:

132 1928 218 1983 quum
227 1910 336 1964 Proteus
345 1917 468 1965 consueta
478 1918 570 1982 petens
579 1929 594 1966 e
602 1910 727 1965 lluctibus
735 1917 813 1966 antra

78 1993 118 2040 tto
133 1987 197 2041 ibat.
216 1985 286 2040 Eum
296 1986 363 2040 vasti
373 1987 473 2040 circum
482 2005 549 2060 gens
558 1986 669 2041 humida
679 1987 753 2058 ponti

132 2060 268 2116 exsultans
279 2078 365 2116 rorem
377 2061 427 2116 late
436 2061 560 2133 dispersit
570 2080 702 2117 amarum.

132 2136 258 2192 Sternunt
267 2154 296 2192 se
306 2154 399 2192 somno
409 2138 527 2192 diversae
537 2138 565 2192 in
575 2137 650 2192 litore
657 2137 764 2209 phocae.

132 2214 200 2284 lpse,
211 2212 285 2268 velut
294 2212 390 2268 stabuli
400 2221 488 2268 custos
498 2214 525 2268 in
537 2214 671 2268 montibus
680 2212 755 2278 olim,

132 2305 226 2360 vesper
235 2289 282 2344 ubi
292 2307 307 2343 e
316 2296 394 2361 pastu
403 2289 500 2345 vitulos
510 2289 543 2344 ad
554 2296 619 2343 tecta
628 2289 737 2354 reducit¹

79 2369 119 2417 435
133 2364 284 2436 auditisque
294 2363 371 2436 lupos
380 2372 479 2421 acuunt
489 2363 621 2419 balatibus
631 2365 703 2438 agni,

132 2440 245 2495 considit
254 2440 362 2513 scopulo
372 2441 486 2506 medius,
499 2456 695 2511 numerumque
704 2448 831 2496 recenset.

133 2515 217 2571 Cuius
227 2515 345 2572 Aristaeo
354 2517 481 2589 quoniam
489 2523 529 2570 est
537 2516 622 2571 oblata
635 2514 755 2581 facultas,

133 2591 181 2646 vix
190 2590 291 2648 defessa
302 2609 394 2647 senem
402 2609 499 2663 passus
507 2608 662 2663 componere
671 2591 802 2657 membra,

133 2683 196 2721 cum
205 2666 318 2723 clamore
326 2671 380 2722 ruit
389 2684 495 2741 magno,
508 2668 672 2740 manicisque
681 2666 810 2722 iacentem

81 2746 120 2794 tto
134 2750 250 2814 occupat.
269 2741 317 2798 llle
325 2758 389 2797 suae
399 2748 488 2798 contra
497 2759 551 2798 non
561 2742 701 2797 immemor
710 2742 783 2808 artis,

123 2819 217 2878 omnia
230 2816 404 2879 banslormat
412 2835 471 2878 sese
479 2818 512 2876 'ut
519 2816 648 2876 miracula
652 2834 756 2882 rerum„
