1846 3052
192 137 240 193 424
351 143 382 188 Ρ.
402 141 570 190 vrncrnn
587 139 764 187 nennius

190 243 403 314 hucseprovecti
413 242 513 296 deserto
523 242 551 296 in
561 241 634 296 litere
643 240 770 296 condunt.

137 332 162 374 25
190 321 244 374 Nos
253 318 349 373 abiisse
358 318 416 381 rati,
428 326 453 371 et
462 324 540 371 vento
548 316 653 387 petiisse
661 317 796 391 Mycenas.

191 394 260 467 Ergo
269 392 356 447 omnis
366 392 445 465 longo
454 391 532 446 solvit
541 409 570 446 se
579 390 687 465 Teucria
700 391 802 469 luctu„

192 468 346 535 Panduntur
355 474 457 537 portee;
479 467 553 521 iuvet
563 466 609 531 ire,
620 470 646 521 ct
655 466 747 521 Dorica
756 472 841 522 eas'tra

191 534 360 614 desertosque
370 540 459 596 videre
468 540 537 595 locos
548 541 663 612 litusque
672 540 802 596 relictum.

191 617 240 671 Hic
248 615 377 687 Dolopum
387 633 492 680 manus,
504 616 547 669 hic
556 633 650 672 saevus
659 615 781 670 tendebat
789 615 913 685 Achillen

139 705 164 747 30
191 691 320 747 classibus
330 690 374 745 hic
383 690 465 756 locus,
476 690 520 744 hic
530 690 584 744 acie
593 698 690 744 certare
698 690 829 747 solebant.

192 768 255 821 Pars
264 773 351 836 stupet
360 765 485 836 innuptae
494 764 594 819 donum
604 763 857 829 exitialeMinervee‚

192 840 323 896 etmoiem
332 839 546 910 miranturequi:
566 840 723 911 primusque
733 839 889 915 Thymoetes

193 915 254 971 duci
264 916 331 969 intra
340 931 430 969 muros
439 913 565 979 hortatur,
578 921 603 968 et
612 931 670 968 erce
679 913 767 980 locari,

193 991 250 1046 eive
258 989 326 1054 dolo,
339 1005 387 1043 seu
393 988 447 1043 iam
457 989 547 1043 Troiae
556 989 595 1043 sic
602 987 654 1044 iate
663 988 825 1067 ferebant„

140 1078 165 1121 35
193 1066 226 1121 At
235 1064 331 1138 Capys,
345 1070 371 1119 et
379 1079 494 1136 querum
504 1063 597 1117 melior
606 1064 733 1118 sententia
743 1064 836 1128 menti,

194 1147 240 1196 aut
248 1138 340 1213 pelago
348 1139 468 1194 Denertm
478 1137 588 1193 insidias
597 1145 772 1211 suspectaque
783 1138 853 1194 done

194 1214 363 1288 praecipitare
371 1213 471 1278 iubent,
483 1213 662 1285 subiectisque
669 1230 746 1268 urere
755 1212 883 1282 flammin3

194 1298 240 1345 aut
248 1289 376 1345 terebrare
385 1306 462 1344 cavas
472 1288 539 1343 uteri
548 1296 574 1344 et
583 1295 681 1343 tentare
690 1286 814 1361 latebrae.

194 1363 328 1421 Scinditur
337 1365 466 1420 incertum
474 1363 562 1418 studia
570 1363 599 1418 in
608 1362 737 1418 contrarie
748 1363 856 1438 vulgus.

140 1449 166 1494 40
231 1440 335 1494 Primus
344 1439 382 1494 ibi
392 1446 451 1494 ante
459 1455 559 1503 omnes,
569 1456 665 1512 magna
673 1438 815 1494 comitante
823 1444 921 1501 entem

194 1517 311 1570 Laocoon
321 1513 416 1568 ardens
425 1531 531 1569 summa
539 1513 653 1568 decurrit
663 1513 697 1568 eb
705 1530 777 1587 μους

194 1597 220 1644 et
229 1587 334 1660 procul:
355 1587 486 1654 Omisen,
498 1605 567 1661 quae
575 1596 645 1644 tante
657 1586 770 1655 incenit,
780 1587 870 1644 civeei

195 1663 307 1720 Creditis
316 1670 419 1718 avectos
428 1662 534 1718 hostes?
552 1670 598 1719 eut
605 1662 661 1718 ulla
669 1663 769 1736 putetis

196 1737 581 1794 donacareredelisDananm‘i
599 1737 643 1794 Sic
652 1746 731 1794 notus
740 1735 853 1794 Uiixee?

142 1821 167 1867 45
195 1814 248 1869 Aut
259 1812 309 1867 hoc
318 1811 414 1868 inclusi
423 1811 496 1887 ligno
504 1812 667 1869 occultentur
674 1812 779 1878 Achivi,

196 1896 241 1944 eut
249 1888 313 1942 haee
322 1887 350 1943 in
360 1893 462 1943 nostros
472 1887 596 1943 fabricate
604 1896 645 1944 eet
654 1887 776 1943 machina
785 1903 884 1951 murce,

196 1964 344 2036 inspectura
352 1962 454 2028 domos,
467 1969 630 2036 venturaque
638 1962 751 2034 desuper
759 1962 831 2028 urbi¹

197 2045 243 2094 aut
251 2037 348 2112 aliquis
358 2036 419 2094 latet
426 2055 505 2093 error.
524 2039 643 2110 Equone
653 2038 759 2103 credite,
773 2036 876 2093 Teucri.

114 2170 119 2181 ,
196 2112 334 2185 Quidquid
342 2112 370 2168 id
379 2121 427 2179 est,
438 2113 627 2168 timeoDanaos
635 2120 661 2168 et
670 2112 738 2169 done
748 2111 884 2185 toronen

143 2200 168 2243 50
196 2187 326 2261 Sicinius,
338 2189 433 2263 velidi}
443 2189 576 2262 ingentem
585 2188 689 2244 viribus
698 2188 804 2257 hastem
829 2240 837 2257 ,

197 2261 304 2318 inlatus
313 2263 395 2335 inque
404 2258 452 2319 ie'ii
461 2280 570 2320 curvam
579 2262 753 2337 compagibus
761 2258 853 2319 airum

196 2337 330 2392 contorsit.
350 2338 424 2394 Stetit
433 2338 478 2393 illa
488 2345 610 2404 tremens,
622 2347 866 2411 uteroquerecuoee

198 2413 339 2467 insonuere
347 2429 426 2468 cavae
434 2414 616 2487 gemitumque
624 2413 719 2469 dedere
727 2428 864 2469 cavernae.

198 2488 240 2554 Et,
251 2486 275 2541 si
283 2485 335 2540 feta
345 2485 433 2552 deum,
445 2488 467 2541 si
479 2506 554 2543 mens
564 2505 617 2544 non
628 2486 701 2544 laeve
711 2487 814 2553 fuisset,

145 2575 170 2617 55
198 2560 338 2636 impulerat
346 2559 414 2617 ferro
422 2561 557 2637 Argolicae
567 2562 670 2619 foedare
681 2562 807 2632 latebrae,

197 2637 327 2715 Troiaque
336 2645 509 2706 nuncnune,
519 2639 669 2711 Priamique
677 2656 726 2695 erx
735 2638 907 2695 nitentem·
