1846 3052
166 174 216 229 322
326 177 358 223 P.
376 173 546 222 VIRGILII
562 170 737 218 HARONIS

113 290 138 334 15
166 281 243 334 Nune
251 277 342 344 sinite3
363 281 389 330 et
397 273 531 346 placidum
540 272 601 327 laeti
610 271 759 344 componite
768 258 868 328 foedus.

203 352 300 422 Iupiter
308 350 373 404 haee
381 349 486 421 paueis;
507 354 534 403 at
543 364 596 403 uon
606 346 697 404 Venus
706 364 785 402 aurea
793 354 877 404 eoum

167 442 250 498 pauca
259 424 349 479 refert:

167 500 280 572 opatu,
291 498 455 553 ohominum
466 497 613 568 divumque
625 502 729 550 aeterua
739 496 865 567 potestas!

167 573 297 657 (pemque
306 572 378 628 aliud
388 571 454 644 quid
467 573 510 637 sit,
525 570 664 643 quodiam
680 570 824 699 implorare
831 586 899 643 quee-

658 660 723 699 mus

114 734 140 778 20
168 723 253 777 cernis
262 729 292 776 ut
301 720 427 775 insultent
436 718 537 784 Rutuli,
549 718 711 790 Turnusque
720 645 820 774 relatur

167 815 214 868 per
224 797 324 850 medios
333 795 447 868 insignis
456 794 541 865 equis,
553 793 728 865 tumidusque
736 793 851 848 seeundo

168 872 250 925 Marte
260 869 336 924 ruat?
347 870 404 923 Non
415 868 504 922 clausa
513 875 605 941 tegunt
612 868 665 922 ia'm
677 869 782 925 moenia
789 870 897 924 amaa.

170 943 240 1011 Quin
250 943 316 998 intra
327 951 414 1015 portas
424 951 503 1014 atque
512 942 577 1013 ipsis
586 941 685 1013 proelia
696 942 810 996 miscent

171 1018 311 1092 aggeribus
321 1034 484 1086 moerorum3
503 1025 528 1071 et
537 1016 669 1071 inundant
678 1014 896 1090 sanguinefessae.

117 1103 142 1148 25
171 1094 272 1148 Aeneas
281 1093 389 1166 ignarus
399 1091 480 1146 abest.
511 1092 691 1162 Nunquamne
701 1090 784 1145 levari

171 1168 306 1222 obsidione
315 1165 404 1221 sines?
422 1165 505 1221 Muris
516 1165 610 1219 iterum
620 1165 744 1220 imminet
751 1165 834 1220 hostis

172 1242 302 1296 nascentis
311 1242 414 1307 Troiae;
436 1257 484 1294 nee
494 1256 545 1293 uon
556 1239 685 1293 exereitus
695 1239 769 1305 alter,

172 1324 250 1388 etque
259 1317 354 1370 iterum
365 1316 391 1368 in
403 1316 514 1369 Teucros
524 1312 620 1368 Aetolis
633 1314 720 1385 surgit
729 1314 765 1369 ab
774 1314 848 1386 Arpis

172 1391 297 1464 Tydides.
326 1389 465 1460 Equidem,
477 1388 562 1453 crede,
576 1405 635 1442 mea
646 1388 758 1442 vulnera
771 1394 871 1455 restant3
922 1384 923 1395 ³

119 1474 145 1517 aa
173 1473 198 1518 et
208 1473 252 1518 tua
262 1464 400 1537 progenies
409 1463 527 1517 mortalia
536 1462 657 1517 demoror
665 1463 755 1517 armat

173 1539 201 1593 Si
210 1539 267 1593 sine
276 1555 338 1609 paee
347 1546 401 1603 tua,
413 1545 491 1608 atque
499 1537 582 1592 invito
591 1537 710 1600 numine,
721 1537 803 1592 Troes

173 1613 273 1667 Italiam
283 1613 392 1682 petiere:
415 1611 611 1682 luantpeeeata;
633 1610 792 1682 nequeillos

173 1686 271 1741 iuveris
281 1685 389 1740 auxilio.
413 1686 459 1741 Sin
471 1686 741 1756 tetresponsaseeuti,

173 1777 241 1832 quae
255 1760 347 1830 Superi
361 1761 504 1832 Manesque
515 1761 625 1815 dabant:
646 1777 695 1815 cur
704 1757 900 1831 nuuotuaquie·
922 1832 923 1839 ἵ

683 1852 747 1889 uam
922 1854 923 1858 ¹

121 1917 145 1961 35
174 1915 272 1963 vertere
283 1908 353 1962 iussa
363 1915 455 1979 potest,
469 1916 570 1964 auteur
582 1926 648 1963 nova
658 1852 772 1964 gandete
781 1906 850 1963 fata?

175 1981 245 2048 Quid
253 1990 366 2054 repetam
376 1990 482 2037 exustas
491 1984 606 2057 Erycino
614 1984 642 2037 in
653 1983 727 2038 litore
735 1982 850 2038 classes?

175 2057 241 2128 quid
251 2063 432 2128 tempestatum
442 2075 539 2130 regem,
551 2066 695 2129 ventosque
704 2057 821 2113 fluentes

176 2130 264 2185 Aeolia
274 2132 389 2186 excitos?
407 2141 452 2186 aut
462 2140 544 2187 aetam
555 2132 672 2187 nubibus
682 2131 766 2186 Irim?

176 2206 253 2259 Nune
262 2207 339 2260 etiam
349 2208 437 2261 Manes
447 2207 519 2279 (haee
528 2207 652 2261 intentata
661 2207 787 2262 manebat

123 2287 148 2332 tt
176 2295 233 2333 sors
243 2281 340 2354 rerum)
349 2289 448 2336 movet:
469 2289 494 2335 et
505 2281 608 2352 superis
618 2281 737 2335 immissa
749 2288 855 2354 repente

178 2351 285 2416 Allecto,
296 2355 396 2409 medias
406 2354 498 2410 {talum
509 2355 631 2409 bacchata
640 2373 687 2426 per
695 2355 788 2410 urbes.

177 2425 221 2481 Nil
234 2444 313 2497 super
323 2429 432 2499 imperio
443 2446 560 2484 moveor:
580 2430 747 2500 speravimus
757 2431 818 2496 ista,

178 2502 241 2555 dum
253 2500 356 2556 fortuna
365 2501 428 2558 fuit:
449 2505 563 2568 vincant,
576 2521 644 2576 quos
654 2505 760 2558 vineere
769 2505 864 2560 mavis

178 2577 205 2632 Si
216 2576 288 2633 nulla
298 2584 337 2631 est
347 2578 426 2650 regio,
440 2578 546 2632 Teucris
555 2595 637 2650 quam
647 2579 690 2632 det
700 2587 744 2635 tua
754 2581 873 2635 eonium

117 2661 145 2712 45
174 2653 260 2714 dura:
281 2671 331 2732 per
342 2652 819 2727 eversue‚geuxtuu„tumuut'xutxetne
