1846 3052
133 151 185 210 244
300 160 331 204 P.
351 154 715 205 v11tG1L11uauortts

133 260 164 315 hi
173 258 314 315 Collatinas
324 257 460 328 imponent
469 255 605 312 monibus
613 273 697 323 eroes,

1 352 34 408 ,g
81 345 120 388 775
130 330 381 408 ttaudepudicitiae
393 330 517 396 celebres,
528 330 680 404 addentque
688 326 832 406 superbos]

134 408 273 474 Pometios,
288 413 459 479 castrumque
471 404 542 471 lnui,
555 404 711 479 Bolamque,
724 406 832 479 Coremq

134 480 832 546 llaectumnominaerunt,nuncsuntsinenomincter

134 557 205 622 Quin
217 565 242 610 et
251 573 300 612 avo
310 555 434 610 comitem
443 572 501 610 sese
512 555 659 611 Mavortius
669 555 750 611 addet

134 630 278 686 Romulus:
302 629 425 685 Assaraci
434 646 516 702 quem
525 630 666 703 sanguinis
675 630 724 685 Ilia
734 639 817 686 mater

79 715 120 759 777
133 705 235 760 educet.
266 704 357 761 Viden’
368 711 397 758 ut
405 705 606 778 geminaestant
615 706 714 761 vertice
723 706 824 769 cristae,

134 791 160 835 77
168 787 241 852 pater
250 780 366 852 ipsesuo
374 783 502 850 superum
512 780 565 833 iam
574 780 663 852 signat
673 780 792 836 honore?

134 855 185 920 En,
198 855 289 919 huius,
302 861 371 918 nate,
385 853 511 925 auspiciis
523 853 569 909 illa
579 852 678 928 inclyta
687 855 772 909 Roma
801 896 804 901 .

136 931 278 1002 imperium
288 929 374 994 terris,
386 929 489 983 animos
499 929 623 1000 aequabit
635 929 761 1002 Olympo,

135 1012 290 1076 septemque
298 1020 353 1058 una
361 1002 414 1057 sihi
424 1019 502 1058 muro
510 1003 684 1058 circumdabit
692 1021 775 1069 arces,

81 1089 121 1132 775
136 1078 200 1133 felix
212 1077 397 1150 prolevirilm:
419 1076 507 1150 qualis
517 1078 669 1152 Berecyntia
678 1086 762 1134 mater

136 1153 270 1209 invehitur
278 1170 358 1208 curru
371 1152 501 1226 Phrygias
510 1152 603 1207 turrita
613 1169 662 1224 per
671 1153 760 1219 urbm,

136 1228 201 1283 laeta
214 1228 294 1284 deum
304 1235 390 1300 partu,
402 1235 509 1282 centum
518 1227 655 1298 complexa
664 1235 781 1300 nepotes,

135 1321 228 1358 omnes
237 1303 382 1369 coelicolas,
396 1320 489 1357 omnes
499 1299 655 1374 superaalta
664 1310 789 1359 tenentes.

136 1377 762 1451 Hucgeminasnuncllecteacies3hancadspice
798 1384 832 1433 7777

82 1461 122 1504 777
137 1453 323 1525 Romanosque
331 1461 417 1509 tuost
432 1453 481 1506 llic
490 1451 594 1517 Caesar,
606 1461 632 1507 77
639 1454 751 1508 omnisl
781 1453 790 1507 i

137 1527 285 1601 progenies,
298 1544 427 1601 magnum
438 1525 502 1582 coeli
512 1535 623 1583 ventura
635 1527 688 1582 sub
700 1545 789 1583 exem.

136 1602 186 1655 llic
196 1601 246 1666 vir,
259 1601 303 1656 hic
315 1610 362 1663 est,
375 1602 424 1656 tihi
434 1619 514 1673 quem
523 1602 641 1673 promitti
650 1602 757 1673 saepius
767 1601 832 1658 7777777

137 1677 276 1749 Augustus
286 1675 390 1742 Caesar,
402 1676 463 1732 Divi
471 1694 570 1749 genus:
591 1693 671 1731 aurea
678 1676 773 1732 condet

138 1749 242 1805 saecule
251 1751 299 1822 qui
310 1768 403 1805 rursus
413 1751 496 1817 Latio,
509 1758 615 1824 regnate
624 1768 745 1822 perarua

84 1835 123 1877 775
138 1824 250 1879 Saturno
260 1824 412 1896 quondam
432 1843 514 1897 super
523 1834 548 1881 77
557 1825 732 1881 Garamantas
744 1826 832 1883 7777777

137 1898 249 1970 proferet
259 1899 416 1970 imperium3
437 1901 502 1956 iacet
511 1907 584 1956 extra
593 1900 679 1955 sidera
688 1899 779 1967 tellus,

138 1982 211 2028 extre
220 1974 283 2030 anni
292 1973 415 2047 Solisque
423 1976 490 2040 viae,
502 1975 551 2030 uhi
559 1973 663 2030 coeliier
671 1974 747 2030 Atlas

139 2066 215 2104 axem
226 2050 338 2105 humero
347 2057 450 2122 torquet
460 2049 543 2105 stellis
552 2049 706 2105 ardentibus
716 2054 827 2121 aptum]

138 2125 225 2178 liuius
236 2125 264 2179 in
275 2125 418 2180 adventum
428 2125 482 2179 iam
491 2132 597 2180 nuncet
606 2124 701 2196 Caspia
710 2141 794 2198 regna

86 2207 125 2249 777
139 2200 274 2269 responsis
284 2200 391 2254 horrent
399 2199 503 2264 77777177,
515 2207 540 2254 77
548 2200 660 2256 Maeotia
668 2196 756 2264 tellus,

139 2280 164 2327 et
174 2274 376 2347 septemgemini
385 2273 602 2346 turbanttrepide
610 2275 678 2329 ostia
688 2273 755 2330 Nili.

139 2349 194 2400 Nec
203 2365 266 2402 vero
274 2348 380 2404 Alcides
388 2356 491 2404 tantum
501 2348 604 2404 telluris
612 2348 710 2418 obivit;

141 2420 228 2475 fixerit
237 2423 385 2493 aeripedem
397 2441 503 2480 cervam
513 2422 581 2488 licet,
593 2431 640 2479 aut
648 2423 810 2497 Erymanthi

139 2496 239 2566 pacarit
249 2513 364 2563 nemora,
375 2506 400 2553 77
409 2499 522 2553 Lernam
530 2498 702 2554 tremefecerit
711 2515 789 2554 arcu:

83 2578 124 2625 775
138 2587 195 2638 nec,
209 2570 256 2646 qui
267 2572 414 2646 pampineis
425 2573 507 2629 victor
516 2574 579 2648 iuga
588 2572 667 2629 flectit
675 2573 799 2639 habenis,

133 2647 753 2730 Liber,agenerelsollqsaeheuertxeetxqm.
796 2694 800 2699 .
