1846 3052
141 171 339 219 AENEIDOS
358 174 429 220 LIB.
448 173 468 220 1.
628 170 672 224 iii

96 269 100 324 i
112 271 226 337 tandem,
237 273 336 344 quibus
346 280 391 327 aut
400 272 510 328 venistis
520 274 554 328 ab
564 274 627 341 oris,

99 345 121 398 is
132 345 242 400 iteri-
261 346 399 413 Quaerenti
408 347 505 402 talibus
516 347 560 403 illo
690 360 730 404 aro

96 420 553 492 moquetrahensapcctorevocem:

106 494 193 564 prima
202 502 321 566 repetens
331 496 364 550 ab
373 496 591 570 originepergam

96 567 158 622 iales
168 576 318 624 nostrorum
327 569 418 624 audire
428 569 557 636 laborum,

96 641 174 696 :lanso
185 651 322 714 componet
334 644 432 714 Vesper
441 643 565 718 Olympo.

97 715 432 789 antiqua(sivestrasforte
441 734 573 787 peraures
691 729 730 773 875

98 807 131 844 en
142 790 180 863 iit)
194 790 297 845 diversa
306 809 352 862 per
361 808 473 862 aequora
484 799 579 858 vectos,

99 864 174 938 bycis
183 872 323 936 tempestas
332 865 433 936 appulit
442 866 506 927 oris.

97 955 192 1004 aeneas,
203 946 291 1009 raptos
300 939 347 1011 qni
359 957 392 993 ex
401 940 474 993 hoste
484 930 591 994 Pe'rfites

104 1029 217 1078 mecum,
233 1013 302 1068 fama
311 1029 391 1084 super
400 1014 502 1068 aethera
514 1021 604 1082 notus3

97 1103 145 1141 iero
154 1087 274 1158 patriam,
284 1094 309 1142 et
318 1104 403 1161 genus
412 1087 446 1141 ab
456 1089 516 1141 love
525 1104 641 1143 summo.
690 1092 736 1142 sao

97 1160 221 1234 hrygium
231 1160 369 1216 conscendi
379 1162 492 1216 navibus
502 1178 607 1232 aequor,

97 1242 245 1290 nonstrante
253 1236 334 1300 viam,
345 1235 404 1289 data
415 1234 466 1288 sata
475 1242 594 1304 secutus3

101 1309 241 1364 convulsae
250 1309 330 1365 undis
340 1310 464 1380 Euroque
473 1316 628 1380 supersunt.

97 1401 118 1446 s,
163 1401 219 1449 ens,
232 1384 330 1458 Libyae
338 1383 439 1438 deserta
448 1398 565 1455 peragro,

98 1474 130 1512 ue
162 1457 201 1512 sia
211 1458 315 1529 pulsus.
326 1487 365 1500 -
376 1458 429 1511 Nec
438 1457 514 1528 plura
524 1464 676 1529 querentem
691 1467 729 1512 385

97 1550 113 1586 s
123 1532 210 1587 medio
218 1532 257 1586 sic
265 1530 383 1587 interfata
393 1530 480 1586 doloro
488 1538 540 1586 est:

97 1605 683 1671 res,hand‚orado,invisnscoelestibusauras

97 1681 133 1746 is,
145 1681 251 1754 Tyriam
262 1681 310 1752 qui
319 1679 455 1735 adveneris
465 1681 567 1735 urbem.

97 1773 115 1819 ),
126 1762 205 1825 atque
215 1755 277 1809 hinc
286 1762 311 1809 te
320 1754 424 1827 reginae
432 1754 466 1810 ad
475 1754 567 1808 limina
579 1751 674 1825 perior.

97 1829 114 1884 ri
123 1830 231 1884 reduces
240 1830 322 1884 socios
331 1829 494 1900 classemque
503 1828 610 1882 relatam
691 1837 731 1881 oco

97 1911 219 1969 ntutum,
231 1904 315 1958 versis
325 1903 503 1974 aquilonibus,
516 1911 609 1967 acum,

99 1978 224 2051 ugurium
234 1979 295 2034 vani
306 1978 415 2032 docuere
424 1984 553 2048 parentes.

97 2073 100 2102 ι
109 2070 186 2108 senos
197 2053 319 2108 laetantes
328 2052 433 2125 agmine
444 2067 553 2124 cycnos:

97 2145 126 2181 os
136 2127 208 2199 lapsa
217 2127 295 2200 plaga
306 2127 374 2181 lovis
384 2125 436 2180 ales
446 2131 535 2196 aperto

98 2202 153 2257 clo:
174 2218 246 2256 nunc
255 2209 336 2255 terras
345 2200 437 2254 ordine
445 2199 525 2270 longo
693 2207 732 2250 395

97 2283 137 2331 aut
146 2285 235 2347 captas
244 2276 295 2330 iarn
306 2274 454 2345 despectare
462 2270 595 2329 videntur.

98 2350 137 2404 iili
148 2350 244 2405 ludunt
252 2349 423 2404 stridentibus
433 2347 492 2412 alis,

101 2442 162 2479 xero
171 2424 271 2496 polum,
283 2431 428 2494 cantusque
437 2421 543 2488 dedere;

102 2516 257 2571 puppesque
266 2507 325 2552 tuae
334 2498 471 2569 pubesque
480 2503 586 2551 tuorum

110 2581 188 2639 tenet,
201 2569 568 2644 autplenosubitostia-velo.
693 2573 733 2620 too

98 2664 117 2715 i,
127 2655 161 2715 et,
173 2666 226 2721 qua
236 2654 262 2703 te
271 2647 342 2702 deicit
352 2646 404 2714 via,
416 2645 501 2723 dirige
509 2658 647 2723 [pressure⁸
