1846 3052
289 159 336 211 l06
448 164 479 209 P.
499 160 672 209 VIRGILII
687 158 862 208 MARONIS

324 262 396 318 Talia
408 278 471 316 voce
480 260 569 316 refert:
590 260 715 332 curisque
724 259 923 332 ingentibusa

287 354 362 409 spem
372 336 449 393 vultu
458 334 575 400 simulat,
589 336 685 406 premit
694 334 776 389 altum
786 334 863 389 corde
872 335 923 389 dol

233 426 272 469 225
286 411 328 467 Illi
337 429 366 467 se
373 410 484 483 praedae
493 410 633 482 accingunt
642 410 808 481 dapibusque
817 407 915 464 suturis

287 495 388 559 tergora
397 484 530 556 deripiunt
539 485 627 549 nostis,
637 493 663 538 et
672 485 769 539 viscera
780 483 896 553 nudant;

286 578 348 632 pars
357 560 385 614 in
395 558 478 613 frusta
487 566 584 621 secant,
596 559 757 630 veribusque
766 559 903 613 trementia
921 568 923 607 ι

288 636 362 689 litore
372 636 436 689 aena
446 633 531 687 locant
539 632 593 699 alii,
606 631 778 705 flammasque
790 633 906 693 ministr
921 660 923 681 ι

288 711 357 763 Tum
367 709 438 763 victu
449 715 570 763 revocant
579 706 657 773 vires,
667 707 774 779 lusique
783 724 830 777 per
840 708 922 762 herba

234 797 273 840 215
289 783 433 855 implentur
441 783 537 836 veteris
546 782 639 836 Bacchi
648 782 811 855 pinguisque
820 780 920 837 lerinae

288 860 432 930 Postquam
445 864 548 911 exemta
561 855 643 911 fames
657 857 752 927 epulis,
768 873 923 928 mensaequ

780 937 876 997 motae,

290 1007 402 1062 amissos
411 1004 489 1077 longo
498 1004 582 1059 socios
591 998 711 1059 sermone
721 1004 873 1075 requirunt;

290 1097 418 1154 spemque
428 1088 581 1151 metumque
591 1078 658 1133 inter
666 1078 751 1144 dubii,
762 1096 810 1134 seu
818 1079 910 1135 vivere

290 1157 347 1210 sive
355 1162 470 1210 extrema
479 1154 542 1225 pati,
555 1171 602 1208 nec
611 1154 664 1208 iam
675 1153 800 1208 exaudire
808 1161 914 1209 vocatos

237 1243 276 1287 220
290 1229 431 1301 Praecipue
439 1229 501 1300 pius
511 1229 620 1292 Aeneas,
631 1245 703 1282 nuno
712 1229 779 1282 acris
789 1227 891 1294 Oronti,

292 1322 364 1361 nunc
371 1305 466 1377 Amyci
476 1320 567 1359 casum
576 1303 668 1375 gemit,
679 1310 705 1357 et
713 1302 829 1357 crudelia
839 1320 902 1358 secu
910 1328 923 1352 n

291 1380 343 1434 iata
353 1379 426 1452 Lyci,
438 1377 584 1450 fortemque
593 1376 680 1450 Gyan,
693 1375 839 1449 sortemque
848 1376 923 1433 Cloa.

330 1454 364 1507 Et
374 1455 427 1507 iam
436 1453 497 1507 finis
506 1460 569 1517 erat,
584 1469 670 1523 quum
680 1452 786 1522 iupiter,
798 1452 903 1507 aethere
916 1477 921 1483 ·

292 1527 440 1598 despiciens
450 1544 522 1581 mare
530 1525 683 1591 velivolum,
695 1533 830 1597 terrasque
839 1526 923 1582 iaoen

238 1615 277 1659 225
292 1602 428 1672 litoraque,
440 1608 466 1654 et
476 1600 539 1654 latos
548 1600 669 1671 populos,
681 1601 720 1654 sic
728 1602 823 1655 vertice
832 1600 898 1656 coeli

293 1675 416 1739 constitit,
431 1682 456 1727 et
465 1675 563 1746 Libyae
572 1674 664 1728 dclixit
676 1674 777 1729 lumina
787 1676 887 1747 regnis.

293 1751 381 1821 Atque
393 1747 479 1812 illum,
490 1749 555 1802 tales
565 1749 702 1803 iactantem
714 1756 815 1819 pectore
824 1765 914 1815 curas,

294 1824 392 1879 tristior
402 1830 427 1876 et
436 1822 552 1876 lacrimis
561 1823 650 1877 oculos
659 1823 760 1878 sullusa
770 1823 892 1889 nitentes,

294 1897 549 1969 alloquitanenus:
569 1897 647 1969 Oqui
655 1915 696 1951 res
704 1897 918 1970 hominumque

241 1984 280 2028 23⁰
295 1971 405 2028 aeternis
416 1972 485 2044 regis
498 1972 625 2043 imperiis,
636 1971 783 2027 etlulmine
793 1979 884 2039 terres,

296 2047 362 2119 quid
371 2064 446 2102 meus
455 2046 556 2102 Aeneas
567 2046 594 2101 in
605 2056 630 2101 te
639 2047 799 2102 committere
808 2054 913 2102 tantum

296 2121 363 2193 quid
371 2122 450 2176 Troes
459 2128 574 2192 potuere,
586 2120 694 2192 quibus,
707 2128 744 2175 tot
753 2120 846 2176 lunera
855 2139 919 2193 pass

296 2204 407 2250 cunctus
417 2196 451 2250 ob
461 2196 562 2250 ltaliam
574 2203 701 2250 terrarum
711 2195 842 2250 clauditur
851 2197 921 2251 orbi

298 2270 373 2325 Certe
382 2269 445 2325 hinc
454 2271 585 2325 Romanos
595 2267 668 2334 olim,
680 2269 849 2325 volventibus
859 2271 922 2325 ann'

244 2355 283 2399 235
297 2344 361 2398 hinc
370 2343 423 2398 lore
432 2343 561 2410 ductores,
573 2351 690 2399 revocato
699 2362 714 2399 a
724 2344 855 2417 sanguine
863 2346 919 2399 Teu

299 2419 347 2490 qui
358 2435 438 2484 mare,
450 2419 497 2489 qui
508 2427 588 2473 terras
597 2420 671 2474 omni
680 2418 778 2474 ditione
788 2427 915 2484 tenerent,

299 2492 440 2564 pollicitus.
461 2493 533 2560 Quae
542 2500 576 2557 te,
587 2494 698 2567 genitor,
710 2494 837 2548 sententia
847 2495 923 2550 verti

298 2569 353 2622 Hoc
362 2566 484 2640 equidem
495 2584 616 2623 occasum
626 2569 716 2622 Troiae
726 2568 867 2639 tristesque
878 2569 921 2624 rui

291 2642 410 2716 solabar,
423 2642 485 2705 latis
497 2641 691 2705 contrarietate
697 2643 854 2717 rependens.
