1846 3052
135 110 183 163 ⁴88
295 115 326 161 P.
345 112 515 161 VIRGILII
531 110 707 158 MARONIS

133 216 203 282 Quin
214 230 322 279 morere,
329 221 360 268 ut
367 213 460 268 merita
469 231 507 279 es,
520 211 642 285 ferroque
650 217 740 267 averte
748 210 850 268 dolorm

133 292 183 356 Tu,
195 289 311 345 lacrimis
320 289 402 344 evicta
412 288 488 353 meis,
499 296 529 343 tu
537 287 625 360 prima
633 286 767 342 fluentem

132 366 185 428 his,
196 382 331 438 germana,
343 363 530 429 maimonem,
546 369 626 435 atque
634 359 729 418 obiicis
737 360 821 418 hosti.

79 452 117 495 555
131 441 190 494 Ν55
203 439 277 494 licuit
285 436 394 492 thalami
405 445 538 510 expertem
546 438 605 493 sine
614 436 726 493 crimine
734 438 821 494 vitam

132 513 236 588 degere,
247 531 320 568 more
329 511 406 578 ferae,
417 513 483 567 tales
493 529 541 568 555
549 520 656 586 tongere
664 513 759 568 curas!
798 529 850 621 Ὃ

132 591 191 645 Non
201 594 303 645 servate
312 588 386 652 fides,
399 588 480 642 cineri
489 588 618 659 promisso
627 586 761 663 Sychaeo!
797 554 832 659 Χ
838 616 850 682 4

169 664 267 719 Tantos
276 663 322 718 illa
332 680 382 718 suo
389 663 529 734 rumpebat
538 670 640 734 pectore
647 669 773 735 questus.

132 739 233 794 Aeneas
241 737 311 793 celse
321 738 349 792 in
359 737 452 810 puppi,
468 738 521 792 iem
531 736 719 803 certuseund1‚

78 824 116 866 555
131 813 253 885 carpebat
263 828 379 878 somnos,
391 812 471 868 rebus
481 813 535 867 iam
544 813 593 868 rite
601 812 710 884 puratis.

132 888 200 942 Huic
208 905 238 943 se
248 886 332 942 formo
342 886 393 951 dei,
404 886 481 943 vultu
491 887 624 943 redeuntis
632 886 736 952 eodem,

132 961 228 1018 obtulit
237 963 265 1017 in
275 962 386 1027 somnis,
399 978 546 1035 rursusque
554 962 590 1019 its
603 963 659 1018 visa
669 978 777 1018 monere
785 972 837 1026 est,

132 1037 222 1093 omnic
230 1037 359 1094 Mercurio
371 1036 477 1102 similis,
490 1053 634 1110 vocemque
642 1035 813 1110 coloremque

132 1120 157 1167 55
166 1112 251 1168 crines
261 1110 384 1177 flavos,et
393 1112 513 1167 membra
522 1112 613 1167 decore
623 1112 762 1167 iuventae:

79 1197 117 1240 550
132 1188 197 1242 Nate
206 1187 263 1253 dea,
275 1194 348 1259 potes
360 1186 411 1242 hoc
419 1186 471 1242 suh
480 1203 544 1242 casu
552 1186 647 1241 ducere
656 1162 815 1267 55555555]

134 1279 191 1328 nec,
202 1279 272 1334 qnae
279 1270 306 1317 te
313 1262 414 1317 circum
424 1269 493 1316 stent
502 1260 597 1316 deinde
604 1260 732 1332 periculo,
743 1263 831 1318 cernis

132 1336 250 1402 demens,
261 1354 310 1392 nec
319 1337 453 1411 Zephyros
461 1336 538 1392 audis
545 1337 647 1408 spirare
654 1336 808 1392 secundos?

132 1411 180 1466 Illo
189 1410 264 1466 dolos
273 1411 416 1484 dirumque
425 1409 498 1466 nefas
507 1412 536 1466 in
545 1418 648 1483 pectore
656 1418 755 1478 versat,

131 1493 200 1540 certe
208 1486 285 1551 mori,
297 1488 424 1559 varioque
432 1487 532 1541 irarum
543 1485 651 1541 fluctuet
663 1492 747 1541 55555,

78 1570 116 1614 555
131 1561 190 1616 Non
198 1558 270 1633 fugis
280 1561 343 1615 hinc
352 1578 484 1633 praeceps,
491 1560 556 1616 dum
566 1559 738 1633 praecipitare
747 1569 850 1633 potesta

132 1636 187 1690 Iam
196 1651 269 1690 mere
277 1635 378 1691 turbari
386 1636 516 1701 trabibus,
528 1650 674 1706 saevasque
681 1635 791 1692 videbis

132 1708 259 1763 collucere
266 1707 344 1775 faces,
357 1710 410 1765 iem
420 1709 520 1767 fervere
528 1711 602 1766 litore
611 1709 738 1776 flammis,

132 1784 156 1838 si
168 1791 193 1838 te
202 1783 247 1838 his
255 1784 369 1859 attigerit
377 1785 453 1840 terris
462 1785 562 1841 Aurora
572 1792 731 1841 morantem.

131 1859 180 1913 Eia
189 1875 245 1932 nge,
257 1876 352 1931 rumpe
361 1877 455 1917 mores.
483 1858 767 1918 Veriumetmutnbile
775 1878 850 1934 semp

79 1945 118 1988 575
131 1933 249 1989 Femina.
278 1933 322 1990 Sic
330 1933 401 1990 fatus
411 1935 481 1992 nocti
492 1953 521 1991 se
532 1935 678 1990 immiscuit
687 1942 770 1992 atrne.

171 2009 238 2064 Tum
249 2027 311 2065 vero
319 2010 429 2077 Aeneas,
441 2010 538 2066 subitis
547 2011 687 2066 exterritus
696 2011 814 2077 umbris,

133 2083 240 2156 corripit
249 2102 263 2139 5
272 2102 366 2142 somno
377 2102 481 2158 corpus,
490 2086 627 2158 sociosque
638 2083 746 2160 fatigat:

132 2159 288 2231 Praecipites
300 2159 414 2234 vigilate,
425 2161 487 2228 viri¹
498 2168 525 2216 et
532 2160 661 2217 considite
668 2162 807 2228 transtris;

133 2232 228 2288 solvite
237 2233 295 2288 vela
304 2235 358 2291 citi.
391 2237 470 2302 Deus,
483 2235 586 2291 cethem
594 2236 696 2290 missus
706 2235 742 2290 ab
752 2236 814 2301 alto,

79 2318 118 2361 575
132 2305 255 2362 festinare
263 2307 364 2383 iugem,
377 2316 511 2382 tortosque
519 2310 634 2366 incidere
642 2309 729 2375 funes,

133 2381 431 2440 ecceiterumstimulat.
459 2385 603 2458 Sequimur
612 2392 645 2451 te,
657 2391 749 2441 sancte
758 2384 850 2440 deorun

133 2456 257 2529 quisquis
267 2475 304 2523 es,
316 2459 480 2532 imperioque
488 2461 583 2516 iterum
593 2476 718 2534 paremus
728 2467 836 2517 ovantes

129 2531 212 2590 Adsis
222 2549 247 2602 o,
258 2531 433 2609 placidusque
440 2536 526 2601 iures,
535 2543 561 2591 et
569 2535 653 2591 sidem
665 2533 738 2590 coelo

125 2611 316 2674 dextraferas.
343 2612 438 2683 Dixin
456 2609 796 2686 regmemieerin'uensem
