1846 3052
163 278 211 334 iffi
323 284 352 330 P.
372 282 544 330 VIRGILII
560 280 736 330 timolus

199 384 268 439 llaec
276 381 324 437 ubi
336 380 413 448 dicta,
427 370 524 437 cavam
533 398 659 438 conversa
667 380 779 454 cuspide
788 390 899 441 monum

161 455 396 529 Impulitinlatus3
417 457 538 522 aureati,
550 455 827 530 velutagminelacto,
897 486 901 493 <

160 550 213 604 qua
224 532 283 586 data
292 538 375 603 porta,
387 537 478 597 ruunt,
490 539 515 587 et
525 539 605 586 terras
614 532 721 587 turbine
729 531 850 604 perflant

161 605 306 661 Incubuere
315 605 392 670 mari,
403 613 542 678 totumque
551 625 565 661 a
575 607 684 661 sedibus
694 607 757 661 imis

31 706 54 730 ι.
107 691 133 734 05
160 698 214 735 una
224 680 366 751 Eurusque
377 682 514 752 Notusque
522 688 604 735 ruunt
613 681 756 753 creberque
767 682 886 754 procellis

161 753 275 818 Africus,
286 761 312 808 et
320 761 408 809 vastos
417 755 529 810 volvunt
539 755 572 808 ad
582 755 656 810 litora
665 754 770 811 fluctus.

162 829 314 900 Insequitur
323 827 474 900 clamorque
482 830 571 883 virum
581 830 730 902 stridorque
740 831 890 887 rudentum.

161 903 286 974 Eripiunt
294 902 382 957 subito
391 903 476 958 nubes
486 903 641 975 coelumque
652 904 778 975 diemque

163 979 324 1032 Teucrorum
334 994 368 1031 ex
376 978 473 1032 oculis:
494 986 574 1048 ponto
585 996 639 1033 nox
649 978 757 1032 incubat
767 986 833 1034 atra.

109 1061 135 1105 00
163 1053 302 1107 Intonuere
313 1051 376 1122 poli,
388 1059 414 1106 et
422 1053 520 1107 crebris
531 1053 611 1108 micat
620 1053 729 1126 ignibus
739 1054 843 1110 aether:

163 1133 380 1198 praesentemque
391 1127 456 1181 viris
467 1127 594 1182 intentant
603 1128 693 1183 omnia
702 1136 824 1185 mortem.

163 1199 304 1271 Extemplo
312 1199 414 1255 Aeneae
423 1201 563 1257 solvuntur
572 1202 669 1275 frigore
678 1202 808 1258 membra.

164 1275 286 1361 Ingemit,
297 1282 331 1340 et,
343 1275 460 1346 duplices
473 1276 582 1331 tendens
592 1277 720 1331 adsidere
730 1277 844 1348 palmas,

163 1350 226 1405 talia
236 1367 298 1407 voce
308 1349 398 1405 refert:
419 1350 543 1422 Oterque
553 1359 698 1424 quaterque
710 1352 789 1421 beati,

111 1434 137 1478 00
165 1429 227 1498 quls
238 1433 298 1481 ante
306 1441 351 1480 ora
360 1432 466 1496 patrum
476 1426 567 1481 Troiae
576 1426 628 1481 sub
637 1426 777 1481 moenibus
786 1426 846 1481 altis

165 1501 273 1573 contigit
281 1500 414 1571 oppetere!
436 1499 587 1555 ODanaum
598 1499 741 1554 fortissime
750 1501 847 1575 gentis,

165 1575 275 1648 Tydide,
288 1591 364 1628 mene
373 1574 458 1628 Iliacis
470 1575 624 1629 occumbere
633 1575 734 1646 campis
850 1567 855 1581 ’

165 1666 219 1704 000
231 1648 356 1720 potuisse,
371 1655 469 1720 tuaque
481 1650 599 1704 ammam
610 1650 680 1704 hanc
691 1648 826 1704 effundere

658 1724 758 1787 deutra¹

166 1812 262 1851 saevus
270 1794 319 1849 ubi
327 1793 454 1850 Aeacidae
463 1795 513 1849 telo
525 1797 590 1852 iacet
600 1799 699 1862 Hector,
712 1798 759 1852 ubi
771 1798 865 1871 ingens

112 1881 152 1925 000
166 1868 314 1941 Sarpedon:
334 1869 383 1923 ubi
393 1877 429 1923 tot
439 1869 536 1925 Simois
546 1880 662 1944 correpta
672 1872 724 1927 sub
734 1872 816 1926 undis

167 1950 241 1999 scuta
250 1943 339 1998 virum
348 1942 489 2017 galeasque
499 1954 524 2000 et
534 1946 608 2002 fortia
618 1965 725 2019 corpora
734 1945 836 2004 volvit‘i

206 2017 279 2074 Talia
289 2017 392 2072 lactanti
402 2020 515 2074 stridens
525 2020 656 2093 Aquilone
665 2021 778 2092 procella

167 2092 256 2148 uelum
268 2093 376 2149 adversa
386 2093 452 2160 serit,
464 2094 613 2168 fluctusque
623 2097 655 2150 ad
665 2097 751 2151 sidera
760 2094 837 2150 tollit.

167 2169 338 2240 Franguntur
348 2170 428 2224 remi:
449 2177 506 2224 tum
517 2188 593 2240 prora
603 2171 695 2226 avertit
706 2178 731 2225 et
739 2171 821 2225 undis

21 2270 25 2281 ι
114 2255 155 2298 005
169 2242 214 2298 dat
226 2242 308 2298 latus:
330 2242 479 2316 insequitur
491 2246 600 2301 cumulo
612 2253 769 2317 praeruptus
781 2261 865 2318 aquae

662 2337 747 2374 mons.

168 2391 203 2446 lli
211 2407 317 2446 summo
328 2391 355 2446 In
365 2391 446 2447 fluctu
456 2394 583 2464 pendent:
604 2394 647 2448 his
657 2396 729 2449 unda
739 2394 877 2450 dehiscens

169 2475 265 2521 terram
276 2465 342 2520 inter
352 2466 551 2538 lluetusaperit3
572 2467 636 2523 furit
646 2477 732 2523 aestus
742 2470 841 2525 arenis.

170 2542 234 2595 Tres
243 2541 327 2595 Notus
337 2541 457 2612 abreptas
467 2543 494 2596 in
506 2560 570 2598 saxa
581 2543 686 2598 latentia
697 2551 810 2616 torquet.

171 2632 244 2681 saxa,
256 2623 351 2670 vocant
361 2615 417 2671 ltali
427 2616 495 2670 medi
500 2617 522 2671 is
532 2635 601 2689 quae
609 2618 637 2673 in
648 2617 773 2673 lluctibus
783 2618 861 2683 Aras,

118 2699 157 2743 000
171 2689 281 2745 dorsum
290 2689 406 2745 immane
415 2690 481 2745 mari
490 2709 612 2749 summo:
632 2700 685 2748 tres
694 2694 784 2749 Eurus
794 2692 897 2752 abalto·

165 2765 197 2824 in
205 2764 300 2825 brevia
309 2771 335 2824 et
343 2764 436 2844 Syrtes
443 2766 690 2843 urget‚miserahile
699 2768 771 2835 000.
