1846 3052
175 154 208 207 36
338 159 368 204 P.
388 157 560 205 VIRGILII
576 155 750 203 meliorus

175 257 301 324 curculio,
312 264 392 328 atque
400 256 472 328 inopi
481 263 602 312 metuens
613 254 720 311 formica
730 262 857 310 senectae.

175 330 367 404 Contemplator
377 331 449 397 item,
464 349 548 404 quum
559 348 587 386 se
597 349 654 386 aux
664 330 778 401 plurima
787 330 864 386 silvis
914 333 918 339 '

177 407 268 462 induet
277 406 305 460 in
315 404 406 460 florem
414 413 440 460 et
449 423 536 461 ramos
544 405 665 461 curvabit
673 404 787 460 olentes:

176 483 198 536 si
209 487 335 553 superant
343 478 420 546 letus,
435 482 531 552 pariter
540 480 671 535 frumenta
680 486 835 551 sequentur,

124 568 164 611 ree
178 572 329 631 magnaque
338 571 399 609 cum
410 573 507 629 magno
515 555 603 610 veniet
611 554 705 608 tritura
714 554 812 609 calore:

177 639 204 686 at
213 631 238 685 si
246 628 484 685 luxuriuloliorum
493 629 619 685 exuberat
627 629 732 694 umbra,

177 704 359 778 nequidquam
368 704 483 777 pingues
491 704 566 776 palea
575 711 637 758 teret
646 721 706 758 area
714 702 828 758 culmos.

177 779 283 837 Semina
291 778 350 834 ridi
359 779 482 849 equidem
492 777 591 832 multos
600 778 730 833 medicare
738 785 864 842 serentes,

176 861 203 910 et
212 854 281 909 nitro
290 852 485 927 priusetnigra
495 852 652 925 perfundere
661 868 777 918 amurca,

123 940 162 984 195
176 927 302 1003 grandior
309 934 341 981 ut
349 925 417 982 fetus
426 926 532 1000 siliquis
541 925 679 982 fallacibus
688 934 765 990 esset,

178 1009 211 1068 et,
223 1001 347 1075 quamvis
357 1001 412 1075 igni
424 1002 531 1074 exiguo,
542 1008 677 1073 properata
686 1001 834 1070 madareat3

177 1077 233 1133 vidi
244 1076 309 1132 lecta
317 1076 373 1142 diu,
386 1084 411 1130 et
420 1076 504 1132 multo
513 1083 627 1148 spectata
638 1076 736 1140 labore,

177 1152 334 1226 degenerare
343 1158 444 1207 tamea:
466 1151 493 1205 ai
503 1153 546 1206 vis
554 1151 671 1206 humana
681 1149 824 1223 quotannis

179 1225 628 1303 maximaquaequemanulegeret
648 1223 858 1280 Siuomnialatis

124 1313 164 1356 rou
179 1302 206 1356 iu
216 1301 292 1373 peius
302 1317 386 1366 ruere.
399 1317 429 1360 uc
440 1308 508 1355 retro
516 1300 639 1371 sublapsa
649 1297 752 1354 relerri:

179 1392 233 1431 noa
243 1375 325 1440 aliter,
335 1391 417 1446 quam
429 1376 477 1446 qui
487 1375 596 1431 adverso
604 1375 651 1430 vix
661 1372 771 1429 flumine
780 1371 898 1428 lembum

179 1449 296 1522 remigiis
306 1449 416 1523 subigit,
427 1450 450 1504 si
460 1449 567 1507 brachia
576 1448 640 1504 lorte
649 1448 759 1512 remisit,
839 1496 843 1503 .

180 1531 259 1596 atque
269 1522 345 1579 illum
356 1524 384 1579 iu
395 1541 516 1595 praeceps
525 1540 608 1595 prono
617 1522 786 1595 rapit-alveus
796 1521 879 1576 amni.

217 1600 350 1652 Praeterea
360 1604 414 1651 tam
422 1604 486 1652 eunt
495 1597 598 1653 Arcturi
611 1598 697 1653 sidera
706 1597 783 1652 nobis

126 1684 165 1727 2⁰5
179 1671 381 1742 Haedorumque
390 1671 446 1726 dies
456 1671 588 1737 servandi,
601 1680 627 1727 et
637 1672 742 1727 lucidus
751 1670 865 1743 Anguis.

180 1763 262 1819 quum
272 1745 371 1817 quibua
381 1744 410 1800 in
419 1746 531 1816 patriam
541 1754 648 1802 ventosa
659 1761 828 1818 peraequum
843 1741 920 1800 maia

181 1827 279 1893 pontus
288 1827 314 1874 et
322 1817 435 1874 ostriferi
443 1819 531 1875 iauoes
539 1828 673 1876 tentantur
683 1819 783 1894 Abydi.

180 1895 260 1950 Libra
268 1894 311 1950 die
319 1895 461 1967 somnique
468 1912 545 1967 parea
553 1897 601 1950 ubi
610 1894 697 1950 leoerit
705 1894 794 1959 horas,

181 1977 206 2025 et
214 1969 332 2024 medium
343 1967 395 2024 luci
405 1977 486 2041 atqua
494 1971 598 2025 umbrie
608 1970 662 2024 iam
671 1969 768 2024 dividit
776 1968 882 2024 orbem:

126 2056 166 2100 tre
180 2050 303 2108 exercete,
315 2043 376 2109 riri,
387 2050 490 2100 tauros:
510 2047 587 2100 serite
595 2044 692 2100 hordea
700 2043 811 2115 campie,

180 2136 268 2191 usque
276 2119 328 2173 sub
336 2126 486 2174 extremum
495 2120 606 2174 brumae
614 2118 786 2175 intractabilis
800 2117 921 2174 imbrem.

180 2196 235 2250 Nee
243 2211 297 2248 nou
306 2200 332 2248 et
340 2192 389 2259 lini
398 2201 512 2268 segetem
522 2201 547 2249 et
555 2193 660 2249 Cereale
668 2209 783 2265 papaver

101 2316 105 2323 .
180 2276 286 2341 tempus
295 2268 378 2324 humo
386 2275 481 2344 legere,
493 2276 519 2323 et
528 2268 686 2324 iamdudum
698 2267 852 2326 ineumhere

619 2342 721 2408 aratris,

182 2417 248 2473 dum
257 2418 326 2473 sicea
334 2417 427 2473 tellure
437 2417 505 2484 linat,
516 2416 583 2473 dum
592 2417 683 2472 nubila
693 2416 818 2488 pendeat.

128 2503 168 2546 215
181 2492 248 2548 Vere
256 2492 325 2547 labis
334 2492 413 2562 satio;
434 2499 491 2547 tum
502 2499 529 2546 te
537 2509 654 2564 quoque,
666 2491 774 2557 Mediae,
785 2498 878 2563 patrea

176 2567 314 2640 accipiunt
322 2565 400 2633 sulci,
412 2573 439 2621 et
447 2567 522 2621 milio
531 2568 604 2624 veuit
613 2584 701 2624 aauua
710 2584 788 2622 cura:

164 2641 306 2700 candidus
317 2643 420 2702 auratis
428 2643 514 2721 aperit
522 2642 853 2721 quummmibueaauum
