1846 3052
131 168 180 223 ³98
294 174 324 218 Ρ.
343 169 513 219 vluclnu
528 167 709 215 usnemu

131 276 239 346 iamque
246 271 315 327 iaces
327 269 359 324 ad
370 275 434 323 tecta
445 268 545 324 volant.
573 269 605 323 In
616 275 642 322 te
655 284 705 323 ora
713 268 818 333 Latini,

131 350 159 404 in
170 357 195 404 ta
203 347 292 403 oculos
301 343 429 411 referunt3
450 350 552 398 mussat
561 360 608 397 rex
617 343 678 413 ipse
688 343 810 409 Latinus,

131 440 199 495 quos
207 436 316 495 generos
325 424 407 483 vocet,
420 426 466 472 aut
477 434 547 488 quae
556 434 616 472 sese
624 417 661 471 ad
670 416 778 474 foedera
787 416 854 475 flecta

130 498 262 552 Praeterea
271 492 370 566 regina,
382 493 422 547 tui
431 491 569 556 fidissima,
578 491 676 546 dextra

77 580 117 623 666
130 569 224 625 occidit
234 569 358 640 ipsosne,
370 566 510 638 lucemque
516 566 639 621 exterrita
649 565 730 640 fugit

131 644 184 699 Soli
194 659 243 714 pro
251 642 334 713 portis
342 642 480 711 Messapus
486 648 514 694 et
522 656 581 695 acer
589 639 687 695 Atinas

130 715 379 772 sustentantaeiem.
408 715 514 770 Circum
522 714 572 769 hos
584 714 725 786 utrimque
733 712 854 788 pbalenq

131 798 200 846 stant
209 791 314 854 densae,
326 789 474 860 strictisque
482 806 557 862 seges
567 789 745 844 mucronibus
755 790 846 846 horret

130 865 225 920 ferrea:
246 872 276 919 tu
285 880 393 918 currum
399 862 501 918 deserto
509 863 537 917 in
546 862 670 936 gramine
678 880 785 920 versas.

77 948 116 992 666
131 938 274 1010 Obstupuit
282 937 354 992 varia
363 936 489 991 confusus
497 937 614 1012 imagine
620 954 715 992 rerum

131 1015 248 1079 Turnus,
260 1018 285 1067 et
293 1012 386 1067 obtutu
394 1011 472 1066 tacito
480 1011 560 1065 stetit.
585 1011 699 1066 Aestuat
707 1011 808 1085 ingens

131 1104 186 1142 uno
195 1087 222 1142 in
231 1087 308 1142 corde
316 1085 411 1157 pudor,
422 1086 559 1156 mixtoque
568 1085 674 1139 insania
686 1084 773 1151 luctu,

132 1168 158 1215 66
168 1161 256 1214 Furiis
263 1161 376 1233 agitatus
384 1176 467 1225 amor,
481 1159 618 1214 etoonscia
627 1159 727 1214 virtus.

133 1234 166 1289 Ut
176 1235 293 1304 primum
302 1234 435 1289 discussae
445 1234 563 1298 umbrae,
576 1241 603 1288 et
612 1233 659 1288 lux
670 1232 777 1290 reddita
786 1241 854 1290 ruent

77 1318 117 1361 666
132 1308 251 1363 ardentes
261 1307 397 1363 emiorum
406 1308 482 1364 orbes
492 1307 526 1362 ad
537 1308 640 1362 moenia
650 1309 729 1362 torsit

133 1381 267 1446 turbidus,
281 1399 349 1454 eque
357 1382 421 1436 rotis
430 1398 555 1455 magnam
565 1382 682 1453 respexit
691 1381 726 1436 ad
733 1382 839 1438 urbem.

131 1455 199 1511 Ecce
207 1463 303 1518 autem,
316 1455 431 1510 flammis
439 1455 506 1511 inter
515 1455 630 1510 tabulata
638 1455 752 1511 volutus

131 1528 165 1583 ad
174 1528 276 1583 coelum
285 1530 401 1585 undabat
409 1538 510 1594 vortex,
520 1530 671 1601 turrimque
678 1531 801 1599 tenebat;

132 1603 236 1668 turrim,
247 1604 388 1674 compactis
396 1605 516 1659 trabibus
524 1621 607 1675 quam
618 1604 748 1658 eduxerat
757 1606 824 1677 ipse,

77 1687 116 1731 666
131 1676 336 1748 subdideratque
345 1689 422 1742 rotas,
433 1685 578 1749 pontesque
588 1679 747 1733 instraverat
755 1679 833 1734 altos.

130 1752 185 1805 Iam
200 1749 322 1815 iamiam,
334 1768 416 1816 soror,
430 1758 568 1823 superant;
589 1752 688 1807 absiste
697 1754 811 1821 morari3

130 1841 185 1896 quo
194 1823 260 1878 deus
269 1831 295 1878 et
303 1841 357 1895 quo
366 1825 433 1880 dura
444 1833 518 1881 vocat
525 1827 651 1890 Fortuna,
664 1843 823 1898 sequamur.

131 1899 186 1954 Stat
197 1897 313 1954 conferre
321 1916 432 1954 menum
440 1901 551 1966 Aeneae,
562 1906 626 1965 etat,
639 1900 779 1973 quidquid
791 1898 854 1957 aceri

619 1980 668 2038 est,

131 2053 214 2101 morte
223 2047 290 2118 pati3
311 2063 360 2102 nec
367 2064 411 2102 me
418 2047 576 2112 indecorem,
587 2064 723 2121 germana.
735 2049 841 2105 ridebis

77 2131 116 2174 666
131 2120 254 2191 amplius.
280 2123 364 2187 Hunc,
374 2139 429 2187 oro,
441 2123 499 2177 sine
511 2121 648 2177 maturare
656 2130 719 2179 ante
727 2122 851 2180 furorem

131 2195 211 2259 Dixit,
222 2203 248 2249 et
255 2213 270 2250 e
278 2214 359 2251 curru
367 2196 464 2251 saltum
477 2196 548 2250 dedit
555 2197 629 2251 ocius
639 2198 725 2264 arvis3

132 2285 231 2340 perque
245 2270 342 2336 hostes,
360 2288 405 2341 per
421 2270 548 2340 telaruit3
567 2278 751 2343 moestamque
763 2288 854 2328 sorore

132 2342 236 2406 deserit,
248 2360 279 2397 ac
289 2345 381 2415 rapido
388 2362 470 2400 cursu
480 2345 566 2400 media
575 2346 683 2418 agmina
693 2350 804 2418 rumpit

133 2417 179 2478 Ac.
191 2416 274 2473 veluti
283 2419 380 2473 montis
389 2437 485 2475 saxum
494 2419 528 2474 de
539 2422 634 2474 vertice
646 2436 773 2491 praeceps

80 2501 119 2544 666
134 2507 219 2561 quum
229 2491 290 2555 ruit,
302 2492 426 2548 avulsum
435 2502 522 2559 vento,
535 2511 582 2548 seu
591 2494 717 2549 turbidus
726 2494 817 2550 imber

132 2564 241 2639 proluit,
251 2574 298 2622 aut
306 2567 383 2623 annis
393 2568 472 2623 solvit
481 2569 606 2640 sublapsa
613 2576 743 2633 vetustas,

128 2642 215 2704 fertur
226 2644 255 2707 in
270 2643 421 2722 abruptum
429 2643 760 2718 magnomom'xmmsbus
768 2650 839 2708 amu.
