1846 3052
202 189 396 239 AENEIDOS
414 190 486 236 ΜΒ.
505 188 560 235 ΧΠ.
709 184 758 239 405

14 299 87 346 terre
97 291 173 354 mihi,
184 292 328 362 Manesque
338 289 415 345 deam
424 289 585 345 demitteted
598 289 684 345 imos?

16 367 136 421 Tantum
147 365 232 431 effeta,
246 371 325 435 ceput
333 363 426 438 glauco
434 366 549 419 contexit
558 365 656 419 amictu
773 377 811 420 885

15 438 104 495 multe
113 456 232 512 gemeus,
244 447 307 494 etse
316 438 454 494 fluviodee
466 439 584 494 condidit
592 438 653 494 aito.

56 512 158 568 Aeneas
169 514 248 568 instet
256 521 353 578 contre,
366 513 502 585 telumque
510 520 629 568 coruocnt

14 588 114 661 ingene
124 588 271 646 arboreum.
283 596 309 642 et
320 605 399 643 soevo
408 588 446 641 eic
456 595 557 658 pectore
569 586 653 642 ictor:

14 661 94 729 Quae
107 679 179 718 nunc
189 661 284 717 deinde
297 679 368 716 more
383 661 440 717 eet?
455 669 501 716 out
514 661 580 734 quid
592 662 653 726 iem,
661 662 758 726 Turne,

508 735 650 791 retractas?

15 810 79 865 Non
87 826 179 874 cornu,
191 809 277 866 saevis
287 809 440 864 certendum
450 817 489 864 est
501 810 652 865 comminus
660 811 752 865 ermis.
772 822 812 865 999

14 884 97 940 Verte
108 900 200 940 omnes
209 891 259 939 tete
269 884 296 938 in
306 883 397 951 ieciee3
412 891 437 939 et
444 885 575 950 contrahe,
587 884 721 956 quidquid

14 958 77 1013 eive
87 957 184 1013 animis
197 959 255 1013 eive
264 965 319 1013 orte
328 957 414 1027 velen;
425 966 486 1029 opto
495 960 577 1014 urduo
586 960 682 1029 pennis

15 1039 89 1088 estre
98 1033 184 1104 nequi,
196 1033 370 1104 clausumque
379 1033 598 1088 caveteoondere
607 1040 682 1086 terra.
732 1058 737 1067 ·

14 1105 66 1162 Ille
75 1113 155 1178 caput
166 1123 311 1179 quassans:
332 1109 391 1162 Non
403 1124 447 1161 me
457 1115 500 1161 tun
509 1106 609 1160 fervida
621 1113 718 1162 terrent

15 1179 99 1246 dicto,
114 1179 201 1247 ierox;
226 1181 254 1235 di
266 1188 424 1244 meterrent
435 1187 461 1235 et
470 1181 568 1252 Iupiter
577 1180 669 1235 hostio.
773 1193 812 1236 995

16 1255 74 1311 Noc
81 1253 159 1326 piurn
168 1255 269 1320 effetus,
281 1272 378 1311 sexum
388 1254 564 1325 circumspicit
573 1255 676 1328 ingene,

16 1327 752 1402 nexumantiquum‚ingens‚cempoquodiortciooebnt‚

17 1402 97 1459 limes
106 1421 170 1476 egro
179 1405 290 1475 positus,
302 1405 373 1458 litem
384 1411 414 1458 ut
423 1403 580 1458 discerneret
588 1404 669 1459 ervis.

15 1477 71 1534 vir
82 1477 150 1533 iliud
158 1478 217 1533 lecti
226 1479 268 1533 bis
277 1495 325 1533 sex
334 1479 434 1534 cervice
441 1477 569 1542 subirent,

16 1548 681 1624 quolienunohominumpmducitcorporeteilue.
772 1562 811 1605 999

16 1625 66 1683 lile
76 1644 158 1681 manu
167 1635 272 1698 mptum
282 1627 382 1696 trepide
392 1627 530 1698 torquebat
539 1626 567 1680 in
577 1627 688 1692 hostem,

17 1700 96 1756 citior
105 1701 256 1774 insurgens,
266 1710 294 1756 et
301 1719 381 1756 onreu
389 1711 517 1766 concitus,
529 1701 615 1755 heroe,

17 1775 71 1831 Sed
81 1792 167 1846 neque
176 1783 323 1831 currentem
333 1793 371 1840 se,
382 1793 432 1830 nec
443 1776 576 1849 cognoscit
587 1781 704 1840 euntem,

16 1848 187 1905 tollentemve
196 1868 287 1914 manu,
302 1868 452 1922 sexumque
464 1852 580 1905 immone
589 1858 754 1905 moventem:

53 1940 106 1979 oua
117 1923 217 1993 lahont3
229 1925 334 1998 gelidus
347 1926 477 1980 concrevit
486 1924 583 1998 frigore
592 1925 712 1997 sanguis.
774 1934 813 1978 995

17 1941 90 2054 {eum
99 1997 166 2070 inpie
176 1999 232 2071 ipee
240 1999 301 2064 viri,
312 2016 427 2055 vacuum
436 2016 484 2071 per
493 1998 696 2063 innocentium,

18 2089 68 2128 nec
77 2073 195 2144 sontium
204 2074 288 2129 evenit
299 2080 393 2138 totum,
407 2091 455 2128 nec
463 2073 571 2144 pertulit
583 2073 674 2126 ictum.

19 2148 58 2203 do
70 2147 143 2202 velut
152 2148 180 2202 in
190 2149 301 2212 oomnis,
313 2147 402 2202 oculos
411 2147 458 2202 ubi
469 2145 594 2219 languide
604 2146 699 2215 pressit

19 2229 94 2277 nocte
103 2223 190 2294 quiee,
201 2223 382 2294 nequidquam
394 2221 485 2276 avidos
494 2219 632 2275 extendere
641 2234 736 2276 wreus

18 2295 88 2351 veile
97 2296 230 2361 videmur,
244 2299 305 2352 etin
315 2297 410 2350 mediis
418 2295 554 2350 conatibus
564 2293 636 2366 aegri
774 2304 814 2347 999

18 2370 198 2436 succidimus3
214 2388 266 2426 non
277 2371 369 2444 lingua
378 2370 455 2435 velet,
469 2386 521 2423 non
531 2384 638 2440 corpore
647 2376 722 2425 notae

18 2444 246 2510 sufiiciuntviree,
261 2463 309 2501 nec
318 2462 370 2501 vox
380 2452 425 2500 aut
435 2444 515 2499 verbe
523 2450 686 2515 sequuntur:

18 2520 61 2575 cic
71 2520 171 2583 Turno,
183 2536 343 2591 quecunque
352 2520 423 2574 viem
435 2521 532 2573 virtuto
541 2518 641 2590 petivit,

20 2610 175 2649 comessum
183 2593 231 2649 dea
241 2593 325 2649 dimn
375 2601 396 2649 t.
415 2594 484 2647 Tum
496 2601 597 2664 pecmre
605 2607 700 2647 censue

20 2675 161 2726 vertuntur
170 2668 246 2725 vetii.
275 2612 388 2726 Rutffidc
397 2668 542 2744 cdepedut,
552 2667 699 2730 eturnem„
786 2673 834 2711 *m
