1846 3052
161 189 357 236 spumeos
375 189 448 235 ms.
467 189 498 236 v.
652 183 702 241 21³

96 289 203 355 ¹euobis,
215 306 267 344 non
276 289 340 344 haee
349 289 481 354 Rhoeteia,
493 296 599 356 matres,

96 362 234 419 lieeniux:
255 363 340 418 divini
350 365 426 438 signa
435 364 544 430 denonis,

96 457 137 511 {ue
146 446 231 493 notate
240 438 343 507 oculos3
364 439 412 510 qui
422 439 530 510 spiritus
540 437 590 504 illi,

98 532 120 580 s,
132 514 236 569 vocisve
244 530 335 579 sonus,
345 513 386 568 vel
396 531 502 588 gressus
512 514 593 569 eunti.

96 596 133 642 aet
144 588 246 642 dudum
255 589 352 643 Beroe'u
361 587 480 661 digressa
489 587 584 660 reliqui
718 599 756 642 666

96 662 280 736 indignantem,
292 662 338 717 tali
348 662 421 734 quod
429 662 484 718 sola
493 669 590 717 careret

95 754 142 792 nec
150 738 256 793 meritos
265 737 395 792 Anchisae
404 737 509 793 inferret
517 737 640 792 honores.

96 830 123 867 a.

96 886 198 956 aprime
207 886 339 957 ancipites,
349 884 485 957 oculisque
494 885 629 959 malignis,

96 978 113 1025 s,
126 968 240 1031 spectare
250 969 324 1024 rates,
338 961 466 1015 miserum
476 961 668 1016 interemerem
718 971 756 1014 655

96 1043 209 1099 stenae,
221 1034 333 1107 fatisque
341 1035 459 1090 vocantia
468 1052 561 1108 regna:

95 1127 146 1164 ase
155 1109 263 1181 paribus
274 1127 321 1181 per
331 1109 432 1164 eoelum
441 1109 548 1163 sustulit
557 1108 615 1175 alis,

95 1202 153 1256 ique
161 1183 224 1257 fuga
233 1184 315 1238 secuit
324 1184 375 1238 sub
385 1184 502 1238 nubibus
512 1187 621 1237 arcum'

95 1259 237 1314 nattonitae
248 1259 372 1313 monstris
382 1266 505 1328 actaeque
513 1257 600 1312 furore
641 1299 644 1305 .

95 1340 137 1398 int,
150 1333 307 1405 rapiuntque
316 1331 379 1387 focis
388 1331 566 1403 penetralibus
576 1332 679 1404 ignem3
718 1342 757 1385 666

97 1409 150 1462 iant
159 1425 226 1473 aras,
238 1406 356 1461 frondem
366 1424 396 1461 ae
403 1406 518 1478 virgulta
527 1405 648 1479 sanesque

95 1489 118 1538 6.
149 1482 224 1537 Furit
233 1482 361 1537 immissis
372 1481 504 1537 Vulcanus
513 1480 623 1537 habenis

95 1574 135 1628 per
144 1563 169 1611 et
178 1574 271 1622 remos,
283 1565 308 1611 et
316 1557 398 1628 pictus
408 1555 491 1610 abiete
499 1573 609 1627 puppes.

95 1631 222 1687 Anchisae
231 1632 264 1686 ad
274 1631 408 1686 tumulum
418 1647 567 1702 cuneosque
575 1631 669 1686 theatri

97 1705 191 1776 perfert
200 1723 279 1762 naves
289 1705 427 1770 Eumelus,
439 1713 464 1760 et
472 1705 524 1775 ipsi
719 1715 758 1758 666

94 1788 111 1834 it
120 1787 202 1835 atram
215 1781 243 1835 in
252 1780 343 1836 nimbo
352 1780 461 1836 volitare
472 1778 601 1834 favillam.

94 1863 107 1909 :t
115 1854 253 1919 Ascanius,
265 1872 359 1909 cursus
368 1863 398 1910 ut
407 1854 490 1909 laetus
502 1860 635 1925 equestres

99 1930 138 1984 sic
147 1947 203 1985 aeer
211 1947 280 2001 equo
288 1929 389 1984 turbata
399 1929 490 2000 petivit

94 2021 133 2059 nec
141 2004 274 2058 exanimes
283 2004 512 2076 possuntretinere
520 2001 651 2073 magistri.

94 2097 113 2132 n·
121 2080 168 2133 iste
176 2078 274 2134 novus?
283 2095 423 2150 quonuue.
431 2094 484 2149 quo
491 2075 604 2139 tenditis,
612 2075 708 2147 inquit,
720 2082 759 2127 666

94 2153 239 2208 naeeives‘i
257 2155 315 2208 Non
325 2154 426 2208 hostem
437 2151 596 2222 inimicaque
604 2156 688 2205 eastra

94 2249 108 2293 ι,
122 2236 221 2283 vestras
231 2245 290 2300 spes
298 2228 386 2282 uritis.
410 2227 460 2290 En,
473 2241 520 2298 ego
529 2230 614 2278 vester

94 2320 106 2358 ι.
126 2302 234 2358 Galeam
244 2301 390 2373 antepedes
399 2301 506 2372 proiecit
515 2299 631 2364 inanem,

94 2406 96 2420 ν
107 2377 217 2432 indutus
225 2375 288 2432 belli
297 2375 437 2431 simulacra
447 2375 537 2429 ciebat.

94 2451 189 2507 isimul
199 2451 309 2515 Aeneas,
323 2451 404 2506 simul
415 2449 672 2524 agminaTeuernm.
721 2456 761 2499 666

95 2526 199 2584 diversa
208 2533 280 2582 metu
288 2542 335 2597 per
344 2524 418 2580 litora
427 2524 527 2596 passim

93 2609 127 2669 η’,
147 2600 282 2673 silvasque
290 2611 316 2655 et
325 2600 409 2656 sicubi
418 2615 532 2655 concava
539 2595 633 2655 furtim

93 2681 148 2731 'uae
176 2675 640 2754 Pageueapuiucisqmnuosqna
