1846 3052
136 149 184 203 340
297 155 328 200 Ρ.
347 150 518 200 VIRGILII
538 149 713 197 utuoms

134 252 292 316 Dardanius,
303 248 425 306 torrentis
434 266 518 321 equae
527 247 569 304 vel
579 249 695 305 turbinis
704 250 757 305 etri

134 344 208 385 more
217 325 316 380 fumus.
325 324 441 379 Tandem
448 330 601 394 erumpunt,
607 322 847 397 eteustremlinquu

81 410 120 454 665
134 399 263 457 Ascanius
272 416 339 470 puer
347 405 371 452 et
381 399 561 469 nequidquam
571 397 680 453 obsessa
688 398 827 457 iuventus.

172 475 300 528 Iunonem
310 473 407 527 interea
417 471 554 542 eompeilet
563 472 662 543 Iupiter
670 471 756 531 ultro:

135 547 290 620 Ogermena
302 547 370 601 mihi
378 553 458 618 etque
465 546 556 600 eedem
564 544 718 618 gratissime
727 547 847 607 eoniuux

135 628 166 674 ut
176 620 273 686 rebare,
285 621 376 677 Venus
385 619 441 692 (nee
449 627 475 675 te
483 620 610 675 sententia
619 619 697 694 saliit)
727 638 731 643 ·

135 695 261 749 Troianae
271 700 399 749 sustentat
408 711 484 764 opes,
497 711 550 750 nou
560 693 650 750 vivide
658 692 730 751 helio

81 779 120 822 616
135 768 228 822 dextra
236 769 311 832 viris,
323 768 482 839 animusque
490 767 572 833 ferox,
584 767 743 839 patiensque
751 769 847 840 pericii,

135 841 184 898 Cui
195 844 260 895 iuno
270 843 417 897 submisse:
438 841 547 908 Quido,
563 841 743 912 pulcherrime
751 844 847 901 couiuu

134 915 258 969 sollicitas
269 933 375 988 aegram
383 923 408 970 et
418 922 463 970 tua
471 917 556 970 tristia
565 916 633 971 dieta
642 916 801 973 timentem?

134 988 162 1044 Si
178 989 257 1054 mihi,
274 1007 341 1061 quae
354 989 489 1062 quendem
501 988 598 1055 fuerat,
614 1006 753 1119 qfflque
764 991 847 1047 eesee‘

135 1137 213 1191 visin
227 1152 314 1193 emere
322 1134 398 1191 ioreti
418 1137 477 1192 Non
489 1136 539 1191 hoe
551 1137 617 1191 mihi
627 1154 747 1209 nemque
760 1155 847 1212 negem

80 1220 119 1263 615
133 1211 307 1280 omnipotens,
320 1210 386 1282 quin
395 1217 420 1264 et
431 1227 537 1282 pugnae
544 1210 692 1270 subducere
703 1213 836 1278 Turnum,

134 1291 160 1339 et
168 1285 369 1355 Daunopoeeem
380 1284 538 1339 ineolumem
550 1301 655 1339 servem
662 1287 778 1355 parenti.

134 1359 212 1416 Nune
221 1364 316 1429 pereat,
328 1359 488 1429 Teucrisque
496 1359 540 1428 pio
549 1358 593 1412 det
603 1359 736 1431 sauguine
744 1377 847 1432 poenae,

134 1431 180 1486 ille
191 1440 279 1486 temen
288 1439 377 1487 nostre
386 1432 491 1487 dedueit
499 1432 601 1504 origine
610 1448 717 1497 nomen,

133 1505 327 1577 Pilumnusque
336 1506 374 1560 illi
384 1513 494 1577 quartus
504 1513 589 1576 peter3
610 1513 636 1560 et
648 1514 693 1562 tua
704 1504 780 1580 larga

80 1589 119 1631 626
134 1596 211 1649 saepe
219 1596 301 1634 meuu
310 1580 456 1651 multisque
466 1581 582 1636 oneravit
591 1578 686 1636 limine
695 1581 786 1638 deuie.

134 1653 184 1707 Cui
195 1670 241 1707 rex
250 1653 356 1707 aetherii
368 1653 482 1709 breviter
491 1654 530 1709 eie
539 1652 608 1709 fatue
617 1653 744 1727 Olympi:

133 1725 161 1778 Si
171 1741 244 1778 mom
253 1728 397 1795 praesentis
407 1727 450 1782 leti
460 1734 618 1799 tempusque
627 1728 729 1783 caduco

133 1798 334 1863 oreturiuveni,
356 1817 451 1871 meque
459 1801 509 1856 hoe
518 1801 553 1856 ita
562 1818 660 1870 ponere
669 1803 768 1858 sentis:

133 1872 194 1927 teile
204 1871 267 1946 iuge
278 1873 409 1936 Turnum,
419 1882 498 1949 atque
507 1875 667 1930 instantibus
676 1876 751 1947 en'pe
760 1874 832 1933 fatis.

79 1959 118 2002 625
132 1948 261 2003 Hactenus
271 1946 414 2002 indulsisse
422 1955 506 2003 vemt.
534 1947 581 2005 Siu
590 1947 666 2003 altior
675 1949 738 2005 istis

133 2022 184 2077 sub
194 2022 316 2092 preoibus
326 2022 401 2085 venie
411 2020 467 2076 ulie
476 2020 544 2085 latet,
555 2028 693 2093 totumque
704 2025 808 2079 moveri

133 2096 263 2151 mutarive
273 2103 349 2165 putee
359 2095 473 2153 bellum:
494 2112 554 2166 spes
564 2096 650 2166 pascis
662 2097 768 2152 immee.

132 2170 166 2223 Et
175 2172 241 2225 Iuno
250 2170 429 2227 allacrimans:
449 2168 520 2235 Quid
529 2171 563 2235 si,
573 2170 645 2241 qued
656 2187 721 2226 voee
728 2173 847 2245 graveris

133 2251 220 2298 mente
229 2246 314 2308 dares,
325 2250 404 2315 etque
414 2244 478 2299 haee
488 2245 577 2299 Turno
586 2253 640 2299 rete
650 2245 705 2303 vite
717 2249 847 2305 manem!

78 2327 118 2370 636
133 2317 210 2374 Nune
218 2325 306 2373 munet
315 2319 443 2373 insontem
455 2318 544 2391 gravis
553 2320 653 2384 exitus,
676 2328 723 2375 aut
732 2338 785 2394 ego
794 2323 847 2383 veri

133 2407 202 2445 vene
211 2389 287 2446 feror.
317 2392 394 2458 Quod
401 2400 457 2449 uto
468 2394 555 2464 petius
565 2392 707 2451 formidine
720 2394 790 2453 false

133 2463 219 2529 ludar,
231 2465 293 2519 etin
302 2466 397 2521 melius
407 2475 461 2533 tue,
472 2468 520 2538 qui
529 2475 611 2539 petes,
622 2485 681 2523 eree
691 2468 825 2531 refleeteei

133 2539 257 2595 Heeeuhi
267 2539 335 2594 dicte
343 2541 506 2606 deditcoeio
515 2559 542 2598 se
551 2551 677 2614 protenus
686 2542 742 2600 eito

131 2614 215 2689 misit,
228 2614 695 2698 agensitiemem„uimmeueeiuete¹
707 2635 843 2703 periturae
