1846 3052
194 140 244 193 226
360 145 392 193 P.
410 141 584 191 vntcml
599 134 774 187 HABONIS

140 255 180 298 tto
193 245 247 301 Vix
255 261 284 299 ea
293 243 362 297 latus
373 250 435 306 erat,
447 237 568 315 geminae
576 258 663 313 quum
673 239 739 296 forte
745 238 885 297 columbae

195 320 251 390 ipsa
262 319 313 372 sub
323 334 368 371 ora
378 317 428 371 viri
437 316 508 370 coelo
519 332 613 370 venere
625 314 753 380 volantes,

195 401 220 447 et
227 392 307 446 viridi
318 390 407 445 sedere
416 389 479 445 solo.
509 391 577 444 Tum
586 389 724 445 maximus
733 390 813 445 beroe

195 474 326 521 maternas
338 465 456 538 agnoscit
464 481 536 529 aves,
549 463 687 535 laetusque
697 472 832 536 precatur:

195 542 256 595 Este
265 540 353 602 duces,
366 557 390 603 o,
402 539 426 592 si
435 555 488 609 qua
498 539 542 593 via
552 546 600 601 est,
613 555 778 611 cursumque
787 555 834 609 per
844 554 913 592 surae

141 624 180 669 roe
195 615 299 688 dirigite
308 615 336 668 iu
345 613 427 678 lucos,
440 613 486 666 ubi
498 613 624 685 pinguem
633 612 710 669 dives
719 620 813 685 opacat

195 706 285 743 ramus
301 689 425 742 humum.
454 688 557 758 Tuque,
571 703 596 752 o,
611 687 703 742 dubiis
716 702 750 741 ue
759 687 842 742 delioe
848 686 913 741 robur

195 763 257 817 diva
266 779 370 833 parens.
400 759 545 816 Sicellatus
558 762 669 834 vestigia
676 762 784 833 pressit,

195 838 338 892 observans
349 853 417 906 quae
426 837 504 909 signe
514 834 607 899 ferant,
618 852 672 908 quo
684 835 792 891 tendere
801 842 911 910 pergant.

197 914 331 966 Pascentes
345 910 404 964 illae
414 917 515 964 tantum
522 910 629 981 prodire
639 908 763 975 volando,

142 995 181 1038 coo
196 993 325 1058 quantum
335 985 389 1038 acia
397 991 504 1055 possent
512 982 582 1038 oculi
590 1000 695 1039 serrare
704 990 874 1055 sequentum.

197 1060 268 1124 Inde,
281 1059 329 1113 ubi
337 1076 432 1114 venere
441 1058 474 1112 ad
485 1057 572 1112 fauces
584 1058 760 1131 graveolentis
770 1056 877 1122 Averni,

197 1134 330 1189 tolluntse
342 1133 450 1201 celeres;
472 1132 662 1204 liquidumque
672 1150 719 1205 per
728 1135 791 1189 adra
799 1132 885 1205 lapsae

197 1209 304 1263 sedibus
313 1208 407 1278 optatis
417 1208 537 1281 geminae
546 1224 626 1278 super
634 1208 727 1263 arbore
736 1208 838 1272 sidunt,

198 1283 309 1338 discolor
319 1283 390 1337 unde
400 1282 457 1336 auri
466 1299 513 1353 per
521 1298 608 1336 ramos
618 1299 681 1336 euro
692 1280 808 1337 refulsit.
817 1294 831 1347 ι

144 1367 183 1411 2⁰5
197 1358 280 1424 Quale
288 1357 354 1411 solet
362 1357 438 1412 silvis
447 1356 562 1411 brumali
572 1355 668 1428 frigore
677 1357 783 1411 viscum

198 1432 291 1487 fronde
300 1432 384 1485 virere
393 1447 470 1494 nova,
482 1430 555 1501 quod
565 1448 617 1485 non
626 1448 676 1485 sue
685 1431 803 1487 seminet
811 1431 894 1499 mbos,

198 1515 223 1561 et
232 1522 319 1560 crocco
328 1505 382 1559 fetu
392 1512 482 1560 teretes
491 1505 654 1560 circumdare
662 1512 786 1560 truncos:

198 1579 258 1634 talis
267 1586 322 1634 erat
331 1580 429 1649 species
439 1579 495 1632 auri
505 1578 651 1634 frondentis
660 1596 740 1650 opaca

200 1654 270 1719 ilice3
291 1654 330 1707 sic
341 1652 392 1707 leni
400 1654 542 1723 crepitabat
553 1653 655 1708 bractea
666 1660 752 1709 rento.

145 1739 184 1783 210
199 1726 423 1798 Corripit'Aeneas
432 1727 571 1798 extemplo,
585 1727 733 1799 avidusque
742 1725 866 1801 refringit

199 1808 373 1864 cunctantem,
386 1802 488 1855 stratis
498 1810 583 1873 portat
591 1803 642 1856 sub
652 1808 716 1856 tecta
727 1800 857 1875 Sibyllae.

236 1878 290 1931 Nec
301 1876 392 1930 minus
402 1876 498 1931 intereo
506 1877 638 1931 Misenum
649 1877 676 1931 in
687 1876 762 1931 litore
772 1876 867 1931 Teucri

200 1951 304 2016 flebant,
316 1957 340 2004 et
349 1949 429 2005 cineri
438 1951 542 2023 ingrato
551 1967 676 2021 suprema
684 1949 812 2007 ferebant.

200 2025 331 2097 Principio
342 2025 467 2099 pinguem
480 2025 562 2079 taedis
571 2032 596 2080 et
605 2025 697 2079 robora
705 2031 778 2079 secto

147 2113 185 2155 215
202 2102 333 2173 ingentem
346 2107 464 2154 struxere
473 2116 581 2172 pyram:
601 2101 645 2153 cui
657 2097 799 2153 frondibus
808 2099 874 2153 auis

202 2177 323 2230 intexunt
332 2173 421 2238 latera,
433 2182 458 2228 et
467 2173 558 2229 ferales
568 2180 628 2228 ante
634 2188 777 2244 cupressos

202 2250 372 2312 constituunt,
385 2249 559 2321 decorantque
571 2265 651 2319 super
660 2246 913 2320 fulgentibueermie

201 2325 265 2377 Pars
274 2322 372 2376 calidos
384 2322 472 2377 latices
480 2330 506 2376 et
515 2326 578 2378 aiina
588 2322 716 2377 undantia
724 2321 844 2377 flammis

203 2397 355 2466 expediunt,
369 2414 517 2468 corpusque
526 2397 615 2453 lavant
623 2396 779 2470 frigentiset
787 2400 913 2470 ungerunt

63 2476 76 2491 ⁸
149 2481 188 2525 220
202 2471 245 2525 Fit
254 2470 379 2542 gemitus.
409 2473 477 2525 Turn
488 2472 606 2526 membra
616 2478 672 2527 toro
680 2468 773 2526 delleta
782 2474 913 2543 reponunt

203 2561 403 2617 purpureasque
412 2562 493 2615 super
501 2553 596 2611 vestes,
607 2544 739 2602 velamina
749 2552 824 2611 note,

201 2620 360 2679 coniiciunt.
387 2618 788 2696 l‘arsingentisub'rereleretro,
