1846 3052
131 156 165 210 'll
297 163 325 209 P.
346 162 516 209 VIRGILII
533 160 707 208 honorus

78 273 116 316 ³³5
131 271 189 317 turn
198 269 290 316 tenues
300 261 362 315 dare
370 279 464 316 rursus
475 279 566 332 aquas,
579 268 604 316 et
612 278 718 334 pascere
729 280 825 318 rursus

131 336 195 391 solis
205 336 239 390 ad
248 352 379 399 occasum,
395 353 480 407 quum
490 335 603 409 frigidus
612 338 671 391 aera
680 353 776 408 vesper

132 418 267 482 temperat,
278 418 303 464 et
311 409 395 465 saltus
405 410 485 464 reiicit
496 411 549 464 iam
560 411 660 466 roscida
669 409 744 476 luna,

133 484 260 556 litoraque
270 484 397 558 alcyonen
407 492 538 547 resonant,
549 485 713 540 acalanthida
723 485 812 541 dumi.

171 558 242 625 Quid
252 559 300 613 tihi
309 567 424 630 pastores
434 560 542 631 Libyae,
554 560 621 631 quid
629 577 726 630 pascua
737 578 817 615 versu

79 643 118 690 att
133 651 286 706 prosequar,
298 642 324 688 et
336 634 402 688 raris
412 633 526 688 habitata
536 633 648 704 mapalia
658 633 751 688 tectis?

133 709 214 780 Saepe
226 708 296 762 diem
307 716 470 779 noctemque,
486 715 603 763 ettotam
614 708 830 764 exordinemens

134 785 250 856 pascitur
259 785 331 855 itque
340 800 421 854 pecus
430 783 508 855 longa
519 784 546 836 in
556 782 656 837 deserta
665 783 724 838 sine
734 783 798 838 ullis

134 858 270 929 hospitiis:
290 865 392 912 tantum
403 858 488 928 campi
500 850 689 922 iacetl'Omnia
700 875 791 914 secum

136 934 309 988 armentarius
319 931 451 1004 Aferagit,
464 939 622 1002 tectumque,
635 931 779 1003 laremque,

81 1015 121 1062 tlt
135 1024 271 1079 armaque,
286 1006 512 1080 Amyclaeumque
524 1024 626 1072 canem,
639 1005 816 1078 Cressamque

628 1081 792 1152 pharetram

137 1173 190 1211 non
200 1173 276 1210 secus
285 1172 315 1210 ac
323 1155 414 1226 patriis
426 1173 484 1210 acer
492 1156 628 1210 Romanus
639 1155 758 1210 inarmis

137 1232 236 1286 iniusto
246 1230 298 1285 sub
305 1229 376 1285 lasea
385 1230 456 1285 viam
466 1247 551 1301 quum
562 1230 653 1301 carpit,
666 1236 691 1284 et
700 1229 770 1284 hosti

138 1314 198 1362 ante
206 1312 383 1378 exspectatum
393 1305 485 1376 positis
495 1304 582 1359 stetin
594 1303 701 1376 agmine
709 1304 812 1360 castris.

176 1383 211 1436 At
222 1399 285 1445 non,
296 1398 349 1451 qua
358 1379 480 1452 Scythiae
488 1385 588 1451 gentes,
600 1380 763 1451 Maeotiaque
772 1377 830 1433 unda

84 1467 123 1511 85⁰
139 1455 262 1510 turbidus
271 1462 296 1510 et
306 1463 430 1526 torquens
439 1453 563 1508 flaventes
573 1455 639 1508 Ister
647 1471 750 1519 arenas,

138 1546 246 1602 quaque
255 1529 321 1583 redit
330 1528 448 1582 medium
459 1528 584 1599 Rhodope
592 1536 708 1600 porrecta
717 1529 770 1583 suh
779 1544 830 1582 axe

139 1604 194 1659 illic
203 1602 292 1657 clausa
300 1609 388 1657 tenent
397 1602 509 1656 stabulis
519 1610 650 1670 armenta3
671 1602 830 1675 nequeullat

140 1687 186 1733 aut
194 1677 290 1732 herbae
299 1693 391 1746 campo
402 1684 528 1747 apparent
537 1686 583 1731 aut
592 1678 684 1732 arbore
694 1677 814 1734 frondes:

140 1752 187 1808 sed
196 1751 284 1807 iaceta
303 1750 410 1823 geribus
419 1751 505 1806 niveis
515 1751 636 1807 informis
646 1760 671 1806 et
679 1752 732 1807 alto

86 1839 125 1883 ³55
139 1834 206 1882 terra
216 1767 350 1899 gelulate,
360 1832 514 1898 septemque
522 1827 638 1900 assurgit
646 1827 674 1881 in
685 1826 778 1896 ulnas3

141 1918 245 1972 semper
253 1899 350 1965 hiems,
362 1917 467 1971 semper
475 1901 604 1972 spirantes
614 1901 711 1974 frigora
720 1902 811 1957 Cauri.

109 1995 112 1999 ¹
141 1977 211 2031 Tum
220 1974 258 2030 sol
270 1973 395 2046 pallentes
405 1975 477 2029 haud
488 1993 606 2047 unquam
619 1976 726 2031 discutit
734 1977 830 2032 umbra

142 2067 190 2106 nec
199 2067 285 2123 quum
295 2049 415 2105 invectus
424 2050 501 2122 equis
511 2050 594 2105 altum
604 2052 668 2123 petit
678 2051 792 2118 aethera,
804 2069 830 2107 nt

636 2143 722 2197 quum

143 2198 311 2272 praecipitem
322 2198 418 2254 Oceani
429 2199 510 2255 rubro
521 2199 585 2254 lavit
594 2217 707 2271 aequore
718 2216 827 2254 currum

90 2287 129 2331 ato
144 2276 320 2331 Concrescunt
329 2274 432 2328 subitae
441 2275 555 2329 currenti
566 2275 592 2328 in
604 2274 713 2329 llumine
721 2282 830 2329 crustae,

145 2349 270 2419 undaque
279 2349 332 2402 iam
342 2357 414 2420 tergo
423 2348 531 2404 serratos
541 2350 653 2403 sustinet
662 2350 753 2404 orbes:

145 2423 281 2496 puppibus
291 2422 335 2476 illa
347 2424 429 2492 prius,
440 2424 538 2495 patulis
547 2441 620 2478 nuno
628 2424 731 2495 hospita
741 2422 830 2495 plaust

145 2499 265 2570 Aeraque
275 2497 410 2552 dissiliunt
419 2497 509 2570 vulgo,
522 2506 660 2570 vestesque
672 2499 807 2571 rigescunt

144 2573 263 2641 indutae,
275 2573 440 2646 caeduntque
449 2573 587 2627 securibus
596 2573 708 2628 humida
720 2573 791 2638 vina,

75 2659 118 2704 355
132 2658 161 2707 et
171 2658 242 2710 totae
252 2649 370 2711 solidam
379 2649 411 2710 in
421 2647 773 2729 glaciemuerteralacunae,
