1846 3052
186 159 233 212 {30
345 163 374 208 P.
394 162 569 207 VIRGILII
586 160 761 208 MARONIS

184 267 326 319 Laocoonta
335 269 438 333 petunt.
458 256 621 335 Etprimum
632 278 714 333 parva
723 259 838 317 duorum

430 355 443 389 s
466 356 472 367 .

113 427 168 470 aa
183 337 821 484 &latinitattitillantia,
857 420 862 429 ·

75 452 116 511 l
183 495 242 561 post
251 487 350 558 ipsum,
362 485 463 540 auxilio
473 485 631 540 subeuntem
642 502 672 540 ac
681 484 732 540 tela
742 484 838 541 ferente

183 563 337 634 corripiunt,
350 561 483 632 spirisque
493 560 576 633 ligant
585 559 752 634 ingentibus3
773 561 859 616 etiem

183 639 226 692 bis
237 637 356 692 medium
366 634 490 706 amplexi,
504 635 546 689 bis
555 634 621 689 collo
631 652 759 706 squamea
769 636 866 690 circum

185 723 257 786 terga
267 712 330 775 dati,
343 718 468 781 superant
476 710 560 780 capite
570 718 595 763 et
603 709 751 764 cervicibus
761 709 830 765 altis.

131 799 169 841 220
184 787 231 842 llle
239 784 320 840 simul
331 785 456 838 manibus
466 784 549 838 tendit
558 783 683 840 divellere
692 785 786 850 nodos,

185 860 309 935 perfusus
320 860 393 914 sanie
402 860 480 915 vittas
490 866 599 930 atroque
607 873 724 928 venen0;

186 937 312 992 clamores
321 933 402 988 simul
413 933 557 988 horrendos
566 933 600 988 ad
608 932 695 988 sidem
704 931 786 989 tollit.

186 1010 278 1083 quales
288 1010 417 1082 mugitus,
430 1008 497 1083 fugit
506 1025 592 1081 qqum
601 1008 709 1062 saucius
719 1026 793 1063 aram

186 1095 287 1150 taurus,
299 1092 325 1139 ct
335 1085 458 1139 incertam
468 1082 585 1138 excussit
594 1084 694 1139 cervice
702 1083 828 1138 securim.

131 1171 171 1215 225
185 1162 219 1216 At
226 1160 325 1235 gemini
336 1156 414 1230 lapsu
423 1158 531 1213 delubra
542 1157 576 1213 ad
585 1174 692 1212 summa
701 1157 828 1213 dracones

186 1236 325 1309 eiiugiunt,
337 1251 483 1306 saevaeque
492 1240 585 1304 petunt
594 1232 737 1286 Tritonidis
750 1250 845 1305 arcem,

187 1311 238 1365 sub
248 1309 413 1381 pedibusque
422 1309 493 1374 deae,
505 1306 635 1380 clipeique
643 1307 695 1361 sub
706 1307 771 1362 orbe
779 1311 900 1381 teguntur.

187 1386 256 1439 Tum
266 1401 327 1438 vero
337 1382 483 1437 tremefacta
493 1399 578 1437 novus
587 1399 634 1454 per
643 1390 746 1453 pectore
755 1381 857 1436 cunctis

188 1459 410 1529 insinuatpavor3
431 1465 456 1512 et
465 1456 550 1511 scelus
560 1455 718 1528 expendisse
726 1463 871 1512 merentem

133 1542 173 1586 230
188 1535 331 1587 Laocoonta
343 1532 438 1596 lerunt,
451 1549 555 1586 sacrum
566 1532 613 1603 qui
623 1530 732 1602 cuspide
742 1532 824 1586 robur

188 1607 299 1670 laeserit,
315 1613 340 1659 et
348 1615 420 1678 tergo
430 1606 580 1661 sceleratam
592 1606 724 1661 intorserit
732 1606 846 1661 hastam.

187 1680 342 1736 Ducendum
352 1681 385 1734 ad
395 1680 469 1734 sedes
478 1680 826 1754 simulacrum,.orendaque
834 1680 901 1736 diret

188 1756 299 1810 numina
311 1753 483 1809 conclamant.

187 1829 337 1883 Dividimus
347 1846 446 1890 muros,
458 1837 483 1883 et
494 1831 596 1885 moenia
605 1830 749 1902 pandimus
759 1829 848 1899 urbis3

134 1914 172 1957 235
188 1904 328 1975 accingunt
337 1919 428 1957 omnes
439 1907 520 1975 operi,
536 1906 702 1976 pedibusque
711 1912 831 1960 rotarum

188 1978 335 2032 subiiciunt
344 1978 444 2048 lapsus,
456 1990 481 2033 et
489 1991 600 2050 stuppea
609 1979 715 2034 vincula
724 1979 793 2035 collo

189 2053 339 2107 intendunt.
360 2053 466 2108 Scandit
475 2053 560 2108 fatalis
570 2054 692 2109 machina
702 2070 804 2120 muros,

188 2127 239 2182 feta
249 2128 343 2181 armis:
364 2129 439 2200 pueri
448 2127 548 2183 circum
559 2130 738 2201 innuptaeque
747 2126 852 2200 puellae

188 2219 261 2256 sacra
270 2210 376 2267 canunt,
388 2201 533 2275 funemque
542 2220 623 2257 manu
634 2204 786 2277 contingere
793 2200 904 2289 gaudent

134 2283 173 2329 240
189 2275 234 2330 ille
244 2276 325 2342 subit,
338 2277 492 2349 mediaeque
501 2277 608 2331 minans
618 2276 736 2332 illabitur
746 2278 818 2333 urbr.

189 2350 314 2422 Opatria,
326 2368 341 2405 o
351 2352 443 2408 clivum
454 2352 548 2407 domus
559 2351 648 2417 ilium,
660 2361 686 2407 et
695 2352 794 2407 incluta
803 2350 873 2407 bello

189 2426 293 2479 moenia
302 2426 498 2482 Dardanidum!
519 2426 616 2492 Quater
626 2427 684 2497 ipso
694 2426 722 2480 in
733 2426 905 2499 limineporrs

189 2500 315 2565 substitit,
327 2508 406 2571 atque
415 2509 488 2556 utero
497 2501 613 2555 sonitum
624 2509 716 2572 quater
728 2518 802 2556 arma
812 2499 905 2557 dedara

189 2576 323 2630 instamus
333 2582 418 2630 tamen
430 2576 597 2630 immemores
610 2575 733 2646 caecique
744 2575 841 2641 lurore,

127 2658 170 2707 245
187 2660 212 2710 et
223 2659 383 2712 monstrum
390 2650 488 2710 inlelia
494 2650 721 2707 saeratasist'rmus
727 2667 797 2705 aree.
