<?xml version="1.0" encoding="UTF-8"?>
<!DOCTYPE html PUBLIC "-//W3C//DTD XHTML 1.0 Transitional//EN"
    "http://www.w3.org/TR/xhtml1/DTD/xhtml1-transitional.dtd">
<html xmlns="http://www.w3.org/1999/xhtml" xml:lang="en" lang="en">
 <head>
  <title>
</title>
<meta http-equiv="Content-Type" content="text/html;charset=utf-8" />
  <meta name='ocr-system' content='tesseract 3.04.00' />
  <meta name='ocr-capabilities' content='ocr_page ocr_carea ocr_par ocr_line ocrx_word'/>
</head>
<body>
  <div class='ocr_page' id='page_1' title='image "./publivergilimar00virggoog/publivergilimar00virggoog_0327.png"; bbox 0 0 1846 3052; ppageno 0'>
   <div class='ocr_carea' id='block_1_1' title="bbox 182 167 760 221">
    <p class='ocr_par' dir='ltr' id='par_1_1' title="bbox 182 167 760 221">
     <span class='ocr_line' id='line_1_1' title="bbox 182 167 760 221; baseline 0.003 -2"><span class='ocrx_word' id='word_1_1' title='bbox 182 167 231 220; x_wconf 81' lang='lat' dir='ltr'>3i0</span> <span class='ocrx_word' id='word_1_2' title='bbox 348 172 379 218; x_wconf 87' lang='grc' dir='ltr'>Ρ.</span> <span class='ocrx_word' id='word_1_3' title='bbox 399 172 568 220; x_wconf 84' lang='lat' dir='ltr'><strong>VIRGILII</strong></span> <span class='ocrx_word' id='word_1_4' title='bbox 585 172 760 221; x_wconf 68' lang='lat' dir='ltr'>meliorus</span> 
     </span>
    </p>
   </div>
   <div class='ocr_carea' id='block_1_2' title="bbox 129 271 910 2287">
    <p class='ocr_par' dir='ltr' id='par_1_2' title="bbox 129 271 910 2287">
     <span class='ocr_line' id='line_1_2' title="bbox 182 271 842 346; baseline 0.005 -17"><span class='ocrx_word' id='word_1_5' title='bbox 182 272 247 329; x_wconf 92' lang='lat' dir='ltr'>dum</span> <span class='ocrx_word' id='word_1_6' title='bbox 257 272 353 328; x_wconf 88' lang='lat' dir='ltr'>domus</span> <span class='ocrx_word' id='word_1_7' title='bbox 362 271 464 329; x_wconf 79' lang='lat' dir='ltr'><strong>Aeneae</strong></span> <span class='ocrx_word' id='word_1_8' title='bbox 473 272 584 346; x_wconf 77' lang='lat' dir='ltr'>Capitoli</span> <span class='ocrx_word' id='word_1_9' title='bbox 597 273 733 329; x_wconf 79' lang='lat' dir='ltr'><strong>immobile</strong></span> <span class='ocrx_word' id='word_1_10' title='bbox 742 292 842 332; x_wconf 87' lang='lat' dir='ltr'>saxum</span> 
     </span>
     <span class='ocr_line' id='line_1_3' title="bbox 182 346 847 421; baseline 0.006 -18"><span class='ocrx_word' id='word_1_11' title='bbox 182 346 284 412; x_wconf 87' lang='lat' dir='ltr'>aeoolet,</span> <span class='ocrx_word' id='word_1_12' title='bbox 297 347 492 421; x_wconf 80' lang='lat' dir='ltr'>imperiumque</span> <span class='ocrx_word' id='word_1_13' title='bbox 500 356 574 420; x_wconf 86' lang='lat' dir='ltr'>pater</span> <span class='ocrx_word' id='word_1_14' title='bbox 582 350 718 405; x_wconf 86' lang='lat' dir='ltr'>Romanus</span> <span class='ocrx_word' id='word_1_15' title='bbox 726 350 847 408; x_wconf 86' lang='lat' dir='ltr'>habebit.</span> 
     </span>
     <span class='ocr_line' id='line_1_4' title="bbox 129 421 796 497; baseline 0.006 -21"><span class='ocrx_word' id='word_1_16' title='bbox 129 430 169 476; x_wconf 81' lang='grc'>454</span> <span class='ocrx_word' id='word_1_17' title='bbox 220 422 337 478; x_wconf 82' lang='lat' dir='ltr'>Victores</span> <span class='ocrx_word' id='word_1_18' title='bbox 349 423 443 496; x_wconf 88' lang='lat' dir='ltr'>praeda</span> <span class='ocrx_word' id='word_1_19' title='bbox 454 422 545 479; x_wconf 77' lang='lat' dir='ltr'>Rutuli</span> <span class='ocrx_word' id='word_1_20' title='bbox 555 421 701 497; x_wconf 87' lang='lat' dir='ltr'>spoliisque</span> <span class='ocrx_word' id='word_1_21' title='bbox 708 425 796 497; x_wconf 83' lang='lat' dir='ltr'>potiti,</span> 
     </span>
     <span class='ocr_line' id='line_1_5' title="bbox 183 495 878 557; baseline 0.007 -6"><span class='ocrx_word' id='word_1_22' title='bbox 183 495 346 553; x_wconf 86' lang='lat' dir='ltr'>Volseentem</span> <span class='ocrx_word' id='word_1_23' title='bbox 356 500 510 554; x_wconf 88' lang='lat' dir='ltr'>exanimum</span> <span class='ocrx_word' id='word_1_24' title='bbox 518 496 608 554; x_wconf 75' lang='lat' dir='ltr'>flentes</span> <span class='ocrx_word' id='word_1_25' title='bbox 619 498 647 554; x_wconf 91' lang='lat' dir='ltr'>in</span> <span class='ocrx_word' id='word_1_26' title='bbox 655 506 740 555; x_wconf 76' lang='lat' dir='ltr'>metra</span> <span class='ocrx_word' id='word_1_27' title='bbox 750 498 878 557; x_wconf 84' lang='lat' dir='ltr'>ferebant.</span> 
     </span>
     <span class='ocr_line' id='line_1_6' title="bbox 182 571 856 647; baseline 0.007 -20"><span class='ocrx_word' id='word_1_28' title='bbox 182 573 235 627; x_wconf 87' lang='lat' dir='ltr'>Nec</span> <span class='ocrx_word' id='word_1_29' title='bbox 246 571 337 627; x_wconf 89' lang='lat' dir='ltr'>minus</span> <span class='ocrx_word' id='word_1_30' title='bbox 347 574 375 628; x_wconf 93' lang='lat' dir='ltr'>in</span> <span class='ocrx_word' id='word_1_31' title='bbox 385 573 477 629; x_wconf 85' lang='lat' dir='ltr'>castris</span> <span class='ocrx_word' id='word_1_32' title='bbox 487 572 583 640; x_wconf 78' lang='lat' dir='ltr'>luctus,</span> <span class='ocrx_word' id='word_1_33' title='bbox 595 573 741 629; x_wconf 74' lang='lat' dir='ltr'><strong>Rhamnete</strong></span> <span class='ocrx_word' id='word_1_34' title='bbox 752 584 856 647; x_wconf 83' lang='lat' dir='ltr'>reperto</span> 
     </span>
     <span class='ocr_line' id='line_1_7' title="bbox 182 646 801 722; baseline 0.003 -20"><span class='ocrx_word' id='word_1_35' title='bbox 182 648 322 720; x_wconf 80' lang='lat' dir='ltr'>exsangui,</span> <span class='ocrx_word' id='word_1_36' title='bbox 334 653 359 703; x_wconf 91' lang='lat' dir='ltr'>et</span> <span class='ocrx_word' id='word_1_37' title='bbox 367 649 462 720; x_wconf 87' lang='lat' dir='ltr'>primis</span> <span class='ocrx_word' id='word_1_38' title='bbox 470 665 525 704; x_wconf 91' lang='lat' dir='ltr'>una</span> <span class='ocrx_word' id='word_1_39' title='bbox 533 654 571 703; x_wconf 90' lang='lat' dir='ltr'>tot</span> <span class='ocrx_word' id='word_1_40' title='bbox 579 646 656 703; x_wconf 86' lang='lat' dir='ltr'>caede</span> <span class='ocrx_word' id='word_1_41' title='bbox 664 650 801 722; x_wconf 88' lang='lat' dir='ltr'>peremtis,</span> 
     </span>
     <span class='ocr_line' id='line_1_8' title="bbox 183 720 894 799; baseline 0.007 -24"><span class='ocrx_word' id='word_1_42' title='bbox 183 720 347 795; x_wconf 85' lang='lat' dir='ltr'>Serranoque</span> <span class='ocrx_word' id='word_1_43' title='bbox 355 723 504 796; x_wconf 87' lang='lat' dir='ltr'>Numaque.</span> <span class='ocrx_word' id='word_1_44' title='bbox 533 724 629 799; x_wconf 86' lang='lat' dir='ltr'>Ingens</span> <span class='ocrx_word' id='word_1_45' title='bbox 638 738 785 779; x_wconf 85' lang='lat' dir='ltr'>concursus</span> <span class='ocrx_word' id='word_1_46' title='bbox 793 724 827 780; x_wconf 88' lang='lat' dir='ltr'>ad</span> <span class='ocrx_word' id='word_1_47' title='bbox 837 725 894 799; x_wconf 82' lang='lat' dir='ltr'>ipse</span> 
     </span>
     <span class='ocr_line' id='line_1_9' title="bbox 130 796 888 871; baseline 0.011 -21"><span class='ocrx_word' id='word_1_48' title='bbox 130 803 169 850; x_wconf 90' lang='grc'>455</span> <span class='ocrx_word' id='word_1_49' title='bbox 183 812 299 867; x_wconf 76' lang='lat' dir='ltr'>corpora,</span> <span class='ocrx_word' id='word_1_50' title='bbox 311 797 508 870; x_wconf 79' lang='lat' dir='ltr'>seminecesque</span> <span class='ocrx_word' id='word_1_51' title='bbox 516 797 596 862; x_wconf 86' lang='lat' dir='ltr'>vims,</span> <span class='ocrx_word' id='word_1_52' title='bbox 607 796 749 871; x_wconf 85' lang='lat' dir='ltr'>tepidaque</span> <span class='ocrx_word' id='word_1_53' title='bbox 757 808 888 857; x_wconf 88' lang='lat' dir='ltr'>reoentem</span> 
     </span>
     <span class='ocr_line' id='line_1_10' title="bbox 184 870 883 947; baseline 0.009 -21"><span class='ocrx_word' id='word_1_54' title='bbox 184 871 261 926; x_wconf 85' lang='lat' dir='ltr'>caede</span> <span class='ocrx_word' id='word_1_55' title='bbox 271 870 367 938; x_wconf 88' lang='lat' dir='ltr'>locum,</span> <span class='ocrx_word' id='word_1_56' title='bbox 378 878 404 926; x_wconf 91' lang='lat' dir='ltr'>et</span> <span class='ocrx_word' id='word_1_57' title='bbox 412 871 504 943; x_wconf 84' lang='lat' dir='ltr'>plenos</span> <span class='ocrx_word' id='word_1_58' title='bbox 514 872 648 943; x_wconf 82' lang='lat' dir='ltr'>spumanti</span> <span class='ocrx_word' id='word_1_59' title='bbox 658 873 790 947; x_wconf 85' lang='lat' dir='ltr'>sanguine</span> <span class='ocrx_word' id='word_1_60' title='bbox 799 874 883 932; x_wconf 85' lang='lat' dir='ltr'>rivos.</span> 
     </span>
     <span class='ocr_line' id='line_1_11' title="bbox 183 945 860 1021; baseline 0.009 -21"><span class='ocrx_word' id='word_1_61' title='bbox 183 946 338 1020; x_wconf 79' lang='lat' dir='ltr'>Agnoscunt</span> <span class='ocrx_word' id='word_1_62' title='bbox 347 945 431 1018; x_wconf 91' lang='lat' dir='ltr'>spolia</span> <span class='ocrx_word' id='word_1_63' title='bbox 441 946 509 1002; x_wconf 88' lang='lat' dir='ltr'>inter</span> <span class='ocrx_word' id='word_1_64' title='bbox 517 964 554 1011; x_wconf 89' lang='lat' dir='ltr'>se,</span> <span class='ocrx_word' id='word_1_65' title='bbox 564 945 720 1021; x_wconf 79' lang='lat' dir='ltr'>galeamque</span> <span class='ocrx_word' id='word_1_66' title='bbox 730 948 860 1006; x_wconf 76' lang='lat' dir='ltr'>nitentem</span> 
     </span>
     <span class='ocr_line' id='line_1_12' title="bbox 183 1020 905 1095; baseline 0.003 -19"><span class='ocrx_word' id='word_1_67' title='bbox 183 1020 306 1093; x_wconf 84' lang='lat' dir='ltr'>Messapi,</span> <span class='ocrx_word' id='word_1_68' title='bbox 317 1026 342 1076; x_wconf 88' lang='lat' dir='ltr'>et</span> <span class='ocrx_word' id='word_1_69' title='bbox 351 1020 435 1075; x_wconf 92' lang='lat' dir='ltr'>multo</span> <span class='ocrx_word' id='word_1_70' title='bbox 443 1020 563 1093; x_wconf 84' lang='lat' dir='ltr'>phaleras</span> <span class='ocrx_word' id='word_1_71' title='bbox 573 1020 669 1076; x_wconf 88' lang='lat' dir='ltr'>sudore</span> <span class='ocrx_word' id='word_1_72' title='bbox 681 1029 806 1095; x_wconf 76' lang='lat' dir='ltr'>reseptos.</span> <span class='ocrx_word' id='word_1_73' title='bbox 899 1054 905 1063; x_wconf 91' lang='lat'><strong>·</strong></span> 
     </span>
     <span class='ocr_line' id='line_1_13' title="bbox 220 1094 843 1170; baseline 0.006 -20"><span class='ocrx_word' id='word_1_74' title='bbox 220 1095 254 1150; x_wconf 87' lang='lat' dir='ltr'>Et</span> <span class='ocrx_word' id='word_1_75' title='bbox 264 1096 316 1151; x_wconf 89' lang='lat' dir='ltr'>iam</span> <span class='ocrx_word' id='word_1_76' title='bbox 329 1095 412 1167; x_wconf 92' lang='lat' dir='ltr'>prima</span> <span class='ocrx_word' id='word_1_77' title='bbox 424 1112 492 1151; x_wconf 88' lang='lat' dir='ltr'>novo</span> <span class='ocrx_word' id='word_1_78' title='bbox 501 1095 640 1170; x_wconf 85' lang='lat' dir='ltr'>spargebat</span> <span class='ocrx_word' id='word_1_79' title='bbox 649 1094 752 1153; x_wconf 90' lang='lat' dir='ltr'>lumine</span> <span class='ocrx_word' id='word_1_80' title='bbox 760 1104 843 1153; x_wconf 65' lang='lat' dir='ltr'>wrraa</span> 
     </span>
     <span class='ocr_line' id='line_1_14' title="bbox 131 1169 777 1243; baseline 0.005 -20"><span class='ocrx_word' id='word_1_81' title='bbox 131 1176 171 1224; x_wconf 82' lang='grc'>454</span> <span class='ocrx_word' id='word_1_82' title='bbox 185 1170 291 1225; x_wconf 89' lang='lat' dir='ltr'>Tithoni</span> <span class='ocrx_word' id='word_1_83' title='bbox 300 1187 419 1226; x_wconf 85' lang='lat' dir='ltr'>croceum</span> <span class='ocrx_word' id='word_1_84' title='bbox 429 1169 554 1243; x_wconf 88' lang='lat' dir='ltr'>linquens</span> <span class='ocrx_word' id='word_1_85' title='bbox 563 1169 664 1226; x_wconf 75' lang='lat' dir='ltr'>Aurora</span> <span class='ocrx_word' id='word_1_86' title='bbox 672 1170 777 1227; x_wconf 83' lang='lat' dir='ltr'>cubile:</span> 
     </span>
     <span class='ocr_line' id='line_1_15' title="bbox 185 1243 749 1311; baseline 0.002 -12"><span class='ocrx_word' id='word_1_87' title='bbox 185 1246 239 1300; x_wconf 89' lang='lat' dir='ltr'>iam</span> <span class='ocrx_word' id='word_1_88' title='bbox 248 1243 302 1300; x_wconf 86' lang='lat' dir='ltr'>sole</span> <span class='ocrx_word' id='word_1_89' title='bbox 313 1244 409 1311; x_wconf 84' lang='lat' dir='ltr'>infuso,</span> <span class='ocrx_word' id='word_1_90' title='bbox 421 1244 474 1300; x_wconf 89' lang='lat' dir='ltr'>iam</span> <span class='ocrx_word' id='word_1_91' title='bbox 483 1245 562 1300; x_wconf 90' lang='lat' dir='ltr'>rebus</span> <span class='ocrx_word' id='word_1_92' title='bbox 571 1243 629 1300; x_wconf 86' lang='lat' dir='ltr'>lues</span> <span class='ocrx_word' id='word_1_93' title='bbox 638 1247 749 1310; x_wconf 80' lang='lat' dir='ltr'>retectis,</span> 
     </span>
     <span class='ocr_line' id='line_1_16' title="bbox 185 1319 860 1394; baseline 0.001 -20"><span class='ocrx_word' id='word_1_94' title='bbox 185 1321 291 1375; x_wconf 87' lang='lat' dir='ltr'>Turnus</span> <span class='ocrx_word' id='word_1_95' title='bbox 301 1320 329 1375; x_wconf 92' lang='lat' dir='ltr'>in</span> <span class='ocrx_word' id='word_1_96' title='bbox 339 1338 411 1375; x_wconf 88' lang='lat' dir='ltr'>arma</span> <span class='ocrx_word' id='word_1_97' title='bbox 421 1320 501 1385; x_wconf 85' lang='lat' dir='ltr'>viros,</span> <span class='ocrx_word' id='word_1_98' title='bbox 513 1319 595 1375; x_wconf 86' lang='lat' dir='ltr'>armis</span> <span class='ocrx_word' id='word_1_99' title='bbox 604 1319 784 1377; x_wconf 82' lang='lat' dir='ltr'>circumdatus</span> <span class='ocrx_word' id='word_1_100' title='bbox 793 1321 860 1394; x_wconf 79' lang='lat' dir='ltr'>ipse,</span> 
     </span>
     <span class='ocr_line' id='line_1_17' title="bbox 185 1393 782 1470; baseline 0 -21"><span class='ocrx_word' id='word_1_101' title='bbox 185 1395 307 1463; x_wconf 75' lang='lat' dir='ltr'>suscitat,</span> <span class='ocrx_word' id='word_1_102' title='bbox 329 1402 480 1468; x_wconf 88' lang='lat' dir='ltr'>aeratasque</span> <span class='ocrx_word' id='word_1_103' title='bbox 488 1395 556 1449; x_wconf 86' lang='lat' dir='ltr'>acies</span> <span class='ocrx_word' id='word_1_104' title='bbox 565 1394 594 1449; x_wconf 89' lang='lat' dir='ltr'>in</span> <span class='ocrx_word' id='word_1_105' title='bbox 603 1393 700 1467; x_wconf 89' lang='lat' dir='ltr'>proelia</span> <span class='ocrx_word' id='word_1_106' title='bbox 709 1396 782 1470; x_wconf 87' lang='lat' dir='ltr'>eogit</span> 
     </span>
     <span class='ocr_line' id='line_1_18' title="bbox 185 1469 873 1542; baseline 0.001 -18"><span class='ocrx_word' id='word_1_107' title='bbox 185 1469 300 1541; x_wconf 90' lang='lat' dir='ltr'>quisque</span> <span class='ocrx_word' id='word_1_108' title='bbox 309 1487 381 1536; x_wconf 90' lang='lat' dir='ltr'>suas,</span> <span class='ocrx_word' id='word_1_109' title='bbox 395 1470 529 1542; x_wconf 89' lang='lat' dir='ltr'>variisque</span> <span class='ocrx_word' id='word_1_110' title='bbox 539 1477 637 1538; x_wconf 83' lang='lat' dir='ltr'>acuunt</span> <span class='ocrx_word' id='word_1_111' title='bbox 646 1470 802 1525; x_wconf 88' lang='lat' dir='ltr'>rumoribus</span> <span class='ocrx_word' id='word_1_112' title='bbox 811 1471 873 1527; x_wconf 84' lang='lat' dir='ltr'>ires.</span> 
     </span>
     <span class='ocr_line' id='line_1_19' title="bbox 132 1543 790 1619; baseline 0.005 -23"><span class='ocrx_word' id='word_1_113' title='bbox 132 1549 171 1596; x_wconf 85' lang='grc'>455</span> <span class='ocrx_word' id='word_1_114' title='bbox 184 1543 255 1610; x_wconf 88' lang='lat' dir='ltr'>Quin</span> <span class='ocrx_word' id='word_1_115' title='bbox 265 1543 322 1615; x_wconf 91' lang='lat' dir='ltr'>ipsa</span> <span class='ocrx_word' id='word_1_116' title='bbox 332 1546 436 1600; x_wconf 84' lang='lat' dir='ltr'>arrectis</span> <span class='ocrx_word' id='word_1_117' title='bbox 446 1543 515 1618; x_wconf 84' lang='lat' dir='ltr'>(visu</span> <span class='ocrx_word' id='word_1_118' title='bbox 525 1543 654 1619; x_wconf 87' lang='lat' dir='ltr'>mirabile)</span> <span class='ocrx_word' id='word_1_119' title='bbox 666 1544 695 1600; x_wconf 89' lang='lat' dir='ltr'>in</span> <span class='ocrx_word' id='word_1_120' title='bbox 704 1544 790 1599; x_wconf 85' lang='lat' dir='ltr'>hastis</span> 
     </span>
     <span class='ocr_line' id='line_1_20' title="bbox 184 1618 857 1693; baseline 0.006 -21"><span class='ocrx_word' id='word_1_121' title='bbox 184 1618 265 1690; x_wconf 85' lang='lat' dir='ltr'>praefi</span> <span class='ocrx_word' id='word_1_122' title='bbox 304 1625 333 1672; x_wconf 89' lang='lat' dir='ltr'>ut</span> <span class='ocrx_word' id='word_1_123' title='bbox 342 1619 435 1690; x_wconf 85' lang='lat' dir='ltr'>capita,</span> <span class='ocrx_word' id='word_1_124' title='bbox 447 1625 473 1674; x_wconf 91' lang='lat' dir='ltr'>et</span> <span class='ocrx_word' id='word_1_125' title='bbox 481 1618 566 1674; x_wconf 90' lang='lat' dir='ltr'>multo</span> <span class='ocrx_word' id='word_1_126' title='bbox 574 1618 688 1674; x_wconf 88' lang='lat' dir='ltr'>elamore</span> <span class='ocrx_word' id='word_1_127' title='bbox 696 1626 857 1693; x_wconf 84' lang='lat' dir='ltr'>sequuntur,</span> 
     </span>
     <span class='ocr_line' id='line_1_21' title="bbox 184 1693 404 1766; baseline 0 -19"><span class='ocrx_word' id='word_1_128' title='bbox 184 1693 274 1766; x_wconf 85' lang='lat' dir='ltr'>Eurya</span> <span class='ocrx_word' id='word_1_129' title='bbox 287 1696 292 1745; x_wconf 87' lang='lat' dir='ltr'>i</span> <span class='ocrx_word' id='word_1_130' title='bbox 303 1700 328 1747; x_wconf 86' lang='lat' dir='ltr'>et</span> <span class='ocrx_word' id='word_1_131' title='bbox 336 1693 404 1747; x_wconf 91' lang='lat' dir='ltr'>Nisi.</span> 
     </span>
     <span class='ocr_line' id='line_1_22' title="bbox 186 1765 775 1839; baseline 0.002 -17"><span class='ocrx_word' id='word_1_132' title='bbox 186 1765 320 1822; x_wconf 84' lang='lat' dir='ltr'>Aeneadae</span> <span class='ocrx_word' id='word_1_133' title='bbox 329 1765 389 1822; x_wconf 91' lang='lat' dir='ltr'>duri</span> <span class='ocrx_word' id='word_1_134' title='bbox 400 1784 536 1823; x_wconf 89' lang='lat' dir='ltr'>murorum</span> <span class='ocrx_word' id='word_1_135' title='bbox 548 1768 574 1822; x_wconf 91' lang='lat' dir='ltr'>in</span> <span class='ocrx_word' id='word_1_136' title='bbox 585 1775 657 1839; x_wconf 86' lang='lat' dir='ltr'>parte</span> <span class='ocrx_word' id='word_1_137' title='bbox 666 1766 775 1823; x_wconf 84' lang='lat' dir='ltr'>sinistra</span> 
     </span>
     <span class='ocr_line' id='line_1_23' title="bbox 185 1841 856 1917; baseline 0.003 -21"><span class='ocrx_word' id='word_1_138' title='bbox 185 1857 329 1913; x_wconf 91' lang='lat' dir='ltr'>opposuere</span> <span class='ocrx_word' id='word_1_139' title='bbox 339 1842 430 1907; x_wconf 88' lang='lat' dir='ltr'>aciem,</span> <span class='ocrx_word' id='word_1_140' title='bbox 442 1841 513 1914; x_wconf 88' lang='lat' dir='ltr'>(nam</span> <span class='ocrx_word' id='word_1_141' title='bbox 522 1842 628 1897; x_wconf 82' lang='lat' dir='ltr'>dextera</span> <span class='ocrx_word' id='word_1_142' title='bbox 637 1842 754 1916; x_wconf 80' lang='lat' dir='ltr'>cingitur</span> <span class='ocrx_word' id='word_1_143' title='bbox 762 1842 856 1917; x_wconf 71' lang='lat' dir='ltr'>amni]</span> 
     </span>
     <span class='ocr_line' id='line_1_24' title="bbox 132 1915 791 1989; baseline 0.006 -21"><span class='ocrx_word' id='word_1_144' title='bbox 132 1921 171 1968; x_wconf 80' lang='grc'>444</span> <span class='ocrx_word' id='word_1_145' title='bbox 186 1916 357 1989; x_wconf 85' lang='lat' dir='ltr'>ingentesque</span> <span class='ocrx_word' id='word_1_146' title='bbox 366 1923 453 1972; x_wconf 86' lang='lat' dir='ltr'>teuent</span> <span class='ocrx_word' id='word_1_147' title='bbox 462 1915 552 1983; x_wconf 86' lang='lat' dir='ltr'>iussas,</span> <span class='ocrx_word' id='word_1_148' title='bbox 564 1924 589 1972; x_wconf 89' lang='lat' dir='ltr'>et</span> <span class='ocrx_word' id='word_1_149' title='bbox 598 1916 716 1971; x_wconf 89' lang='lat' dir='ltr'>turribus</span> <span class='ocrx_word' id='word_1_150' title='bbox 730 1915 791 1973; x_wconf 85' lang='lat' dir='ltr'>altis</span> 
     </span>
     <span class='ocr_line' id='line_1_25' title="bbox 186 1990 910 2062; baseline 0.007 -16"><span class='ocrx_word' id='word_1_151' title='bbox 186 1996 256 2046; x_wconf 84' lang='lat' dir='ltr'>stant</span> <span class='ocrx_word' id='word_1_152' title='bbox 265 1990 372 2060; x_wconf 81' lang='lat' dir='ltr'>moesti3</span> <span class='ocrx_word' id='word_1_153' title='bbox 393 1990 474 2046; x_wconf 88' lang='lat' dir='ltr'>simul</span> <span class='ocrx_word' id='word_1_154' title='bbox 487 2008 532 2046; x_wconf 89' lang='lat' dir='ltr'>ora</span> <span class='ocrx_word' id='word_1_155' title='bbox 546 1990 634 2046; x_wconf 84' lang='lat' dir='ltr'>virum</span> <span class='ocrx_word' id='word_1_156' title='bbox 647 1992 765 2062; x_wconf 83' lang='lat' dir='ltr'>praelixa</span> <span class='ocrx_word' id='word_1_157' title='bbox 777 1990 910 2052; x_wconf 78' lang='lat' dir='ltr'>morabut</span> 
     </span>
     <span class='ocr_line' id='line_1_26' title="bbox 186 2064 777 2138; baseline -0.002 -17"><span class='ocrx_word' id='word_1_158' title='bbox 186 2072 247 2121; x_wconf 89' lang='lat' dir='ltr'>nota</span> <span class='ocrx_word' id='word_1_159' title='bbox 257 2065 338 2120; x_wconf 91' lang='lat' dir='ltr'>nimis</span> <span class='ocrx_word' id='word_1_160' title='bbox 347 2065 460 2131; x_wconf 88' lang='lat' dir='ltr'>miseris,</span> <span class='ocrx_word' id='word_1_161' title='bbox 475 2073 582 2138; x_wconf 87' lang='lat' dir='ltr'>atroque</span> <span class='ocrx_word' id='word_1_162' title='bbox 591 2064 698 2120; x_wconf 87' lang='lat' dir='ltr'>fluentia</span> <span class='ocrx_word' id='word_1_163' title='bbox 707 2065 777 2120; x_wconf 86' lang='lat' dir='ltr'>tabo.</span> 
     </span>
     <span class='ocr_line' id='line_1_27' title="bbox 187 2140 827 2212; baseline 0 -16"><span class='ocrx_word' id='word_1_164' title='bbox 187 2142 286 2196; x_wconf 86' lang='lat' dir='ltr'>Interea</span> <span class='ocrx_word' id='word_1_165' title='bbox 295 2140 421 2211; x_wconf 91' lang='lat' dir='ltr'>pavidam</span> <span class='ocrx_word' id='word_1_166' title='bbox 431 2140 542 2196; x_wconf 89' lang='lat' dir='ltr'>volitans</span> <span class='ocrx_word' id='word_1_167' title='bbox 552 2148 664 2212; x_wconf 89' lang='lat' dir='ltr'>pennata</span> <span class='ocrx_word' id='word_1_168' title='bbox 673 2157 720 2212; x_wconf 92' lang='lat' dir='ltr'>per</span> <span class='ocrx_word' id='word_1_169' title='bbox 729 2140 827 2196; x_wconf 86' lang='lat' dir='ltr'>urbem</span> 
     </span>
     <span class='ocr_line' id='line_1_28' title="bbox 188 2213 819 2287; baseline 0.003 -19"><span class='ocrx_word' id='word_1_170' title='bbox 188 2215 280 2268; x_wconf 90' lang='lat' dir='ltr'>nuntia</span> <span class='ocrx_word' id='word_1_171' title='bbox 289 2213 371 2269; x_wconf 88' lang='lat' dir='ltr'>Fama</span> <span class='ocrx_word' id='word_1_172' title='bbox 380 2215 442 2280; x_wconf 90' lang='lat' dir='ltr'>ruit,</span> <span class='ocrx_word' id='word_1_173' title='bbox 455 2215 599 2287; x_wconf 89' lang='lat' dir='ltr'>matrisque</span> <span class='ocrx_word' id='word_1_174' title='bbox 608 2214 732 2269; x_wconf 86' lang='lat' dir='ltr'>allabitur</span> <span class='ocrx_word' id='word_1_175' title='bbox 741 2232 819 2270; x_wconf 88' lang='lat' dir='ltr'>aures</span> 
     </span>
    </p>
   </div>
   <div class='ocr_carea' id='block_1_3' title="bbox 118 2288 902 2748">
    <p class='ocr_par' dir='ltr' id='par_1_3' title="bbox 133 2288 891 2666">
     <span class='ocr_line' id='line_1_29' title="bbox 133 2288 880 2364; baseline 0.012 -27"><span class='ocrx_word' id='word_1_176' title='bbox 133 2291 172 2338; x_wconf 78' lang='grc'>445</span> <span class='ocrx_word' id='word_1_177' title='bbox 185 2288 306 2362; x_wconf 86' lang='lat' dir='ltr'>Euryali.</span> <span class='ocrx_word' id='word_1_178' title='bbox 336 2290 371 2344; x_wconf 85' lang='lat' dir='ltr'>At</span> <span class='ocrx_word' id='word_1_179' title='bbox 380 2289 484 2345; x_wconf 88' lang='lat' dir='ltr'>subitus</span> <span class='ocrx_word' id='word_1_180' title='bbox 494 2290 604 2344; x_wconf 89' lang='lat' dir='ltr'>miserae</span> <span class='ocrx_word' id='word_1_181' title='bbox 613 2289 683 2344; x_wconf 84' lang='lat' dir='ltr'>calor</span> <span class='ocrx_word' id='word_1_182' title='bbox 691 2306 750 2344; x_wconf 86' lang='lat' dir='ltr'>ossa</span> <span class='ocrx_word' id='word_1_183' title='bbox 760 2288 880 2364; x_wconf 86' lang='lat' dir='ltr'>reliquit;</span> 
     </span>
     <span class='ocr_line' id='line_1_30' title="bbox 186 2362 796 2437; baseline 0.003 -19"><span class='ocrx_word' id='word_1_184' title='bbox 186 2362 291 2418; x_wconf 83' lang='lat' dir='ltr'>excussi</span> <span class='ocrx_word' id='word_1_185' title='bbox 302 2364 426 2419; x_wconf 89' lang='lat' dir='ltr'>manibus</span> <span class='ocrx_word' id='word_1_186' title='bbox 437 2364 512 2429; x_wconf 90' lang='lat' dir='ltr'>radii,</span> <span class='ocrx_word' id='word_1_187' title='bbox 524 2363 694 2437; x_wconf 85' lang='lat' dir='ltr'>revolutaque</span> <span class='ocrx_word' id='word_1_188' title='bbox 702 2381 796 2436; x_wconf 89' lang='lat' dir='ltr'>pensa.</span> 
     </span>
     <span class='ocr_line' id='line_1_31' title="bbox 186 2435 685 2505; baseline 0.002 -13"><span class='ocrx_word' id='word_1_189' title='bbox 186 2436 280 2492; x_wconf 90' lang='lat' dir='ltr'>Evolat</span> <span class='ocrx_word' id='word_1_190' title='bbox 289 2435 390 2504; x_wconf 83' lang='lat' dir='ltr'>infelix,</span> <span class='ocrx_word' id='word_1_191' title='bbox 405 2445 438 2505; x_wconf 88' lang='lat' dir='ltr'>et,</span> <span class='ocrx_word' id='word_1_192' title='bbox 450 2438 562 2494; x_wconf 80' lang='lat' dir='ltr'>femineo</span> <span class='ocrx_word' id='word_1_193' title='bbox 572 2436 685 2505; x_wconf 91' lang='lat' dir='ltr'>ululatu,</span> 
     </span>
     <span class='ocr_line' id='line_1_32' title="bbox 188 2511 891 2588; baseline 0.001 -21"><span class='ocrx_word' id='word_1_194' title='bbox 188 2513 268 2567; x_wconf 89' lang='lat' dir='ltr'>scissa</span> <span class='ocrx_word' id='word_1_195' title='bbox 278 2527 390 2578; x_wconf 85' lang='lat' dir='ltr'>eomam,</span> <span class='ocrx_word' id='word_1_196' title='bbox 403 2531 494 2569; x_wconf 91' lang='lat' dir='ltr'>muros</span> <span class='ocrx_word' id='word_1_197' title='bbox 504 2531 596 2568; x_wconf 88' lang='lat' dir='ltr'>amens</span> <span class='ocrx_word' id='word_1_198' title='bbox 607 2522 686 2586; x_wconf 84' lang='lat' dir='ltr'>atque</span> <span class='ocrx_word' id='word_1_199' title='bbox 695 2511 803 2588; x_wconf 86' lang='lat' dir='ltr'>agmina</span> <span class='ocrx_word' id='word_1_200' title='bbox 813 2528 891 2568; x_wconf 78' lang='lat' dir='ltr'>eumn</span> 
     </span>
     <span class='ocr_line' id='line_1_33' title="bbox 183 2586 833 2666; baseline -0.009 -19"><span class='ocrx_word' id='word_1_201' title='bbox 183 2587 364 2666; x_wconf 82' lang='lat' dir='ltr'>primapetit:</span> <span class='ocrx_word' id='word_1_202' title='bbox 384 2587 718 2652; x_wconf 76' lang='lat' dir='ltr'>nonillauirnm,nonilla</span> <span class='ocrx_word' id='word_1_203' title='bbox 729 2586 833 2660; x_wconf 87' lang='lat' dir='ltr'>pericli,</span> 
     </span>
    </p>

    <p class='ocr_par' dir='ltr' id='par_1_4' title="bbox 118 2660 902 2748">
     <span class='ocr_line' id='line_1_34' title="bbox 118 2660 902 2748; baseline -0.011 -26"><span class='ocrx_word' id='word_1_204' title='bbox 118 2673 164 2725; x_wconf 79' lang='grc'>484</span> <span class='ocrx_word' id='word_1_205' title='bbox 182 2660 902 2748; x_wconf 36' lang='lat' dir='ltr'>telorumquememonmelumumlxnewiinua&#39;ua1-</span> 
     </span>
    </p>
   </div>
   <div class='ocr_carea' id='block_1_4' title="bbox 0 0 943 3052">
    <p class='ocr_par' dir='ltr' id='par_1_5' title="bbox 0 0 943 3052">
     <span class='ocr_line' id='line_1_35' title="bbox 0 0 943 3052; baseline 0 0"><span class='ocrx_word' id='word_1_206' title='bbox 0 0 943 3052; x_wconf 95' lang='lat' dir='ltr'> </span> 
     </span>
    </p>
   </div>
  </div>
 </body>
</html>
