1846 3052
161 105 177 159 l
326 111 358 156 P.
377 109 548 156 VIRGILII
565 111 738 158 MARONIS

160 217 296 266 castaneae
305 208 407 274 malles,
419 217 444 264 et
453 210 536 280 pressi
546 211 619 282 eopia
630 211 717 271 lactis:

160 293 185 340 et
195 286 249 340 iam
258 302 365 340 summa
374 284 466 356 procul
476 283 600 339 villarum
611 285 728 340 culmina
737 285 849 349 fumant,

162 361 326 434 maioresque
335 359 434 425 cadant
442 359 502 414 altis
510 359 543 414 de
553 361 688 415 montibus
699 360 820 416 umbrae.

442 502 639 529 ...qm-..—

356 657 390 711 A
422 657 453 710 12
486 657 521 710 lt
554 659 588 711 X
620 659 641 711 1
673 657 713 713 S.

416 767 648 813 ECLOGAII.

162 875 323 939 Formosum
333 890 421 955 paster
430 883 552 958 Corydon
563 884 670 939 ardebat
679 881 783 949 Alexin,

161 957 269 1013 delicias
277 958 392 1026 domini;
410 975 467 1024 nec,
479 959 546 1030 quid
554 966 677 1030 speraret,
689 959 811 1014 habebat.

162 1034 277 1088 Tantum
287 1032 354 1087 inter
363 1033 467 1098 densas,
480 1034 606 1088 umbrosa
614 1034 760 1098 cacumina,
772 1033 845 1107 fagus

163 1107 269 1163 assidue
278 1107 412 1163 veniebat:
426 1108 464 1162 ibi
474 1108 538 1163 haec
547 1108 679 1163 incondita
686 1106 760 1163 selus

109 1195 120 1235 5
163 1183 299 1237 mentibus
308 1189 333 1236 ct
342 1181 417 1236 silvis
427 1183 516 1237 studia
525 1182 635 1238 iactabat
644 1183 733 1239 inani:

201 1256 224 1312 0
233 1255 346 1311 crudelis
355 1255 441 1321 Alexi,
452 1256 519 1311 nihil
530 1274 588 1312 mea
597 1257 714 1312 earmina
722 1255 818 1327 curas?

164 1330 202 1386 nil
212 1331 295 1386 nostri
304 1330 445 1386 miserere?
462 1331 528 1387 Mori
538 1331 799 1404 medeniquecogee.

163 1407 242 1460 Nunc
249 1406 327 1460 etiam
338 1407 450 1478 pecudes
460 1405 569 1460 umbras
577 1413 602 1461 et
610 1405 706 1480 frigora
715 1413 831 1476 captant,

164 1496 236 1534 nuuc
245 1479 343 1535 virides
352 1482 432 1536 etiam
441 1480 572 1535 occultant
580 1482 680 1552 spineta
691 1479 811 1548 lacertcs;

109 1565 136 1608 1a
161 1553 294 1628 Thestylis
303 1561 328 1608 et
337 1555 430 1625 rapido
438 1553 516 1609 fessis
526 1555 688 1611 messoribus
698 1563 771 1610 aestu

165 1627 227 1683 allia
235 1626 436 1702 serpyllumque
444 1628 540 1684 herbas
549 1629 686 1685 contundit
695 1629 808 1698 alentes;

164 1711 191 1757 at
199 1719 304 1757 mecum
314 1702 409 1767 raucis,
423 1709 468 1757 tua
477 1702 544 1758 dum
554 1704 666 1778 vestigia
674 1703 766 1769 lustro,

164 1776 219 1833 sole
227 1777 279 1831 sub
289 1777 389 1832 ardenti
398 1785 522 1832 resonant
531 1779 638 1834 arbusta
650 1778 757 1834 cicadis.

164 1852 258 1906 Nonne
266 1850 316 1905 luit
325 1853 417 1917 satius,
430 1853 517 1908 tristes
526 1852 698 1928 Amaryllidis
708 1854 760 1907 iras

110 1938 135 1979 15
161 1933 240 1998 atque
248 1927 362 1997 superba
371 1929 423 1999 pati
434 1926 556 1982 fastidia?
569 1944 656 1983 nonne
664 1926 809 1992 Menalcan,

165 2000 289 2072 quamvis
298 2000 343 2056 ille
352 2003 436 2076 niger,
448 2002 573 2074 quamvis
583 2009 612 2056 tu
620 2001 749 2057 candidus
757 2002 847 2058 esses?

165 2074 188 2130 0
197 2074 309 2130 formose
318 2093 393 2148 puer,
405 2077 520 2132 nimium
531 2094 564 2131 ae
572 2077 648 2132 crede
656 2076 748 2131 coloril

165 2149 234 2204 Alba
242 2149 354 2223 ligustra
363 2151 470 2217 cadunt,
482 2151 598 2207 vaccinia
609 2152 685 2225 nigra
694 2150 829 2224 legantur.

165 2225 306 2295 Despectus
317 2225 364 2280 tibi
374 2243 445 2291 sum,
457 2243 514 2291 nec,
526 2226 574 2298 qai
583 2226 646 2290 sim,
658 2227 773 2297 quaeris,
784 2226 876 2293 Alexi,

110 2309 136 2352 20
162 2316 244 2370 quam
253 2298 328 2354 dives
337 2301 437 2371 pecoris
447 2300 528 2365 nivei,
540 2317 621 2372 quarn
632 2299 705 2355 lactis
715 2300 865 2357 abundans.

165 2371 239 2427 Mille
248 2390 322 2428 meae
329 2374 426 2430 Siculis
434 2381 522 2429 errant
531 2374 558 2429 in
568 2375 704 2430 montibus
713 2392 805 2448 agnae.

166 2448 218 2500 Lac
228 2447 296 2502 mihi
305 2466 358 2504 uon
368 2457 464 2505 aestate
473 2465 584 2516 novum,
595 2466 649 2504 non
658 2449 755 2522 frigore
764 2450 835 2505 defit.

167 2521 258 2585 Canto,
270 2538 339 2594 quae
347 2523 449 2589 solitus,
463 2523 486 2579 si
496 2524 603 2595 quando
612 2532 728 2579 armenta
738 2525 854 2590 vocabat,

166 2594 300 2668 Amphion
309 2598 432 2655 Dircaeus
442 2599 470 2654 in
480 2598 574 2655 Actaeo
582 2598 758 2674 nacynuat
