1846 3052
120 116 319 164 AENEmos
338 119 409 166 LIB.
429 119 475 166 ΠΙ.
629 116 673 168 lbi

100 215 181 271 olitur
190 217 277 273 medio
286 219 437 291 gratissima
447 217 524 275 tellus

100 290 163 360 ratri,
175 299 201 347 et
210 294 332 365 Neptuno
340 293 451 366 Aegaeo,

100 367 252 422 Arcitenens
262 386 321 424 oras
330 376 355 423 et
368 368 442 423 litera
452 368 552 422 circum
696 381 722 424 ts

100 459 166 516 ·yar0
175 442 243 498 celsa
252 444 417 517 Myeouoque
427 443 552 507 revinxit,

100 516 170 571 eeoli
179 517 264 582 dedit,
276 525 300 572 et
310 525 475 572 eontemnere
487 525 593 573 ventose.
615 584 618 592 Ι

100 608 155 646 raee
167 590 248 647 fessos
257 600 313 652 tuto
322 592 500 664 placidissima
510 600 587 664 portu

100 666 162 720 ressi
173 684 329 722 veneramur
340 667 472 738 Apollinis
482 653 642 798 urbem?

100 741 566 814 renidemhominumeoebiquesa
596 742 667 808 rdet,
697 753 722 797 80
753 705 800 800 ἧ

100 834 111 869 a
123 815 261 871 redimitus
272 825 386 888 tempora
398 816 471 871 lauro

103 897 182 944 terem
193 891 326 946 Anchisen
336 891 453 963 agnoscit
466 891 592 946 amicum.

101 965 187 1036 ›spitio
196 965 315 1031 dextras,
327 974 352 1020 et
362 974 425 1020 tecta
435 967 570 1022 subimus.

101 1056 158 1095 taxo
167 1041 310 1095 venerabar
319 1050 417 1095 structa
428 1049 544 1096 vetuste:

101 1132 128 1179 n,
154 1115 333 1190 Thymbraee,
363 1116 487 1184 domum,
513 1116 547 1170 da
569 1117 673 1172 moenia

416 1190 502 1256 fessis,

104 1282 257 1319 mansurum
270 1265 369 1320 urbem.
400 1265 480 1321 Serva
489 1264 568 1321 altera
578 1264 670 1320 Troiae

101 1338 206 1411 lliquias
216 1341 335 1395 Danaum
344 1348 422 1412 atque
432 1340 543 1394 immitis
552 1338 657 1394 Achilli.

101 1414 176 1468 mur‘l
187 1433 274 1487 quove
280 1418 317 1470 ire
323 1414 417 1470 iubes?
425 1415 472 1470 ubi
477 1412 671 1487 poneresedes‘l

101 1491 230 1563 rgurium.
242 1498 321 1562 atque
331 1491 429 1546 animis
439 1489 546 1545 illabere
556 1489 662 1544 nostris.

101 1583 130 1620 us
140 1582 221 1630 eram,
234 1574 343 1620 tremere
352 1566 443 1621 omnia
452 1567 508 1621 visa
519 1572 633 1636 repente,
697 1574 723 1618 tu

102 1639 246 1713 laurusque
256 1641 311 1706 dei,
323 1648 446 1713 tutusque
455 1640 556 1696 moveri

101 1733 122 1780 r,
136 1723 160 1770 et
170 1716 274 1788 mugire
286 1715 372 1790 adytis
381 1717 481 1772 eortina
491 1714 610 1771 reclusis.

101 1791 180 1845 timus
190 1798 300 1855 terram,
312 1798 336 1846 et
346 1809 399 1847 vox
408 1790 491 1847 fertur
499 1791 533 1844 ad
542 1807 633 1847 aures:

101 1865 171 1930 luri,
183 1883 252 1937 quae
262 1883 308 1919 vos
319 1867 423 1939 astirpe
432 1872 571 1936 parentum

101 1940 180 2001 ellus.
193 1940 283 1995 eadem
295 1958 341 1994 vos
352 1941 432 1996 ubere
442 1940 508 1995 laete
699 1946 725 1992 tt

101 2032 160 2069 roes.
172 2016 317 2086 Antiquam
328 2016 458 2086 exquirite
467 2022 587 2071 matrem.

101 2107 190 2145 terreae
198 2091 300 2145 cunctis
310 2090 490 2145 dominabitur
498 2089 562 2154 nris,

102 2182 164 2228 um,
177 2167 257 2237 etqui
270 2173 409 2220 nascentur
418 2164 452 2220 ab
462 2163 525 2218 illis.

102 2258 138 2306 rs;
160 2241 297 2312 mixtoque
308 2242 401 2314 ingens
411 2247 499 2293 exorta
510 2236 629 2293 tumultu

102 2316 181 2379 uncti,
196 2332 265 2387 quae
275 2316 328 2369 sint
338 2333 367 2369 ea
378 2315 494 2378 moenia,
506 2319 647 2384 quaerunt,
687 2322 726 2366 tou

102 2399 196 2445 evocet
205 2398 334 2454 errantes,
347 2390 488 2460 iubeatque
497 2388 601 2443 reverti.

102 2483 115 2529 ¹,
128 2473 245 2519 veterum
254 2463 361 2520 volvens
367 2469 536 2519 monumenta
541 2462 670 2528 virorum,

102 2557 201 2605 omres,
212 2541 260 2603 uit,
272 2548 297 2594 et
310 2557 370 2609 spes
381 2537 472 2593 discite
482 2546 591 2592 vestras.

102 2615 181 2689 nagni
191 2615 277 2671 medio
290 2615 354 2672 iacet
363 2612 454 2673 insula
462 2621 556 2691 pente„
