1846 3052
191 278 387 327 annulatos
404 278 479 325 ma.
495 277 541 323 IX.
689 272 738 323 3⁰9

104 376 333 450 circumspiciunt.
360 378 415 433 Hau
424 375 587 433 aurioriimm

98 453 137 507 ud
145 470 252 508 summa
263 452 345 509 talum
354 451 467 507 librabat
474 451 509 507 ab
518 466 591 507 aura.

98 527 216 599 rapidam,
228 528 260 582 iit
267 527 342 583 hasta
347 527 419 600 Tago
426 532 586 598 partampua
594 531 738 597 utrumque

98 621 121 667 a,
135 602 293 674 traiectoque
300 601 385 657 haesit
393 599 516 672 tepefacta
524 599 639 655 aarebro.

98 684 171 731 atrox
180 676 314 740 Volscam,
326 676 427 731 nartali
436 675 687 746 conspicitusquam
753 681 792 727 420

100 769 139 817 m,
151 749 401 822 necquosaardaua
411 749 551 805 immittere
559 749 650 820 possit.
730 802 733 807 .

99 843 136 881 an
146 826 243 881 interea
251 824 336 880 calido
346 824 412 880 mihi
421 823 658 899 sauguiuapoanas

98 918 132 955 aa
144 900 292 964 amborum,
305 899 406 971 iuquit:
426 897 508 954 simul
517 915 580 953 ausa
588 896 691 953 reclusa

99 973 257 1048 Euryalum.
286 976 355 1030 Tum
364 990 426 1029 varo
434 973 583 1038 exterritus,
598 989 688 1027 amana

99 1050 246 1118 aatNisua3
266 1047 443 1104 neoaaoalare
452 1047 566 1111 tenebris
754 1055 794 1099 425

99 1142 124 1189 s,
135 1131 180 1179 aut
189 1132 291 1179 tautum
300 1123 385 1195 potuit
393 1121 506 1195 perferre
514 1121 644 1178 dolorem:

99 1216 116 1263 r,
127 1198 232 1261 adsum,
243 1197 359 1270 quitari,
370 1198 398 1252 iu
408 1214 452 1252 ma
460 1196 601 1252 convertite
610 1194 717 1260 ferrum,

99 1273 126 1337 ti.
139 1272 388 1341 maairausomnia3
409 1270 476 1327 nihil
485 1271 534 1326 ista
542 1287 590 1325 nec
599 1285 690 1334 ausus,

100 1348 155 1414 uit;
176 1347 278 1403 ooalum
287 1348 336 1403 hoc
345 1352 370 1402 et
379 1342 577 1401 aouscia'sidara
586 1349 678 1412 tastum

99 1468 101 1477 ,
112 1421 244 1477 infelicem
255 1421 369 1477 nimium
379 1419 472 1475 dilexit
480 1418 604 1473 amicum.

100 1497 149 1550 icta
159 1497 250 1552 dabat:
272 1495 319 1552 sed
328 1494 430 1551 viribus
439 1494 510 1549 eusia
520 1493 626 1549 adactus

99 1571 137 1625 »iit
145 1579 238 1633 uastas,
250 1580 276 1627 et
287 1569 398 1625 candida
408 1576 510 1641 pectora
519 1567 627 1639 rumpit.

99 1663 121 1698 ir
128 1646 263 1720 Euryalus
273 1645 333 1711 lato,
344 1642 523 1717 pulchrosque
531 1660 578 1715 per
588 1647 661 1697 artua

99 1739 116 1785 .·,
127 1719 209 1792 inqua
218 1721 343 1775 humerus
351 1719 441 1775 cervix
451 1717 567 1790 collapsa
574 1716 715 1773 recumbit:

99 1812 150 1848 uus
160 1794 240 1850 veluti
251 1813 336 1866 quum
347 1792 403 1858 ilus,
416 1792 535 1847 suocisus
544 1798 638 1857 aratro,
694 1826 697 1837 .
756 1798 795 1841 435

99 1869 146 1923 scit
155 1870 283 1925 moriens:
305 1868 407 1924 lassove
416 1885 546 1940 papavera
555 1866 622 1922 oolla

101 1952 223 2015 rumpat,
236 1943 326 2016 pluvia
336 1957 421 2015 quum
429 1942 494 1999 forta
502 1949 653 2017 gravantur.

100 2035 124 2071 rs
135 2019 187 2072 ruit
198 2019 225 2073 in
235 2018 344 2080 madius,
355 2017 496 2090 solumque
504 2035 551 2089 per
561 2033 654 2071 omuaa

99 2101 162 2147 rtam
173 2094 249 2164 petit;
272 2093 299 2147 in
311 2091 367 2147 aulo
376 2091 512 2148 Vulscenta
520 2097 647 2146 moratur.

99 2167 198 2222 circum
211 2167 347 2240 glomerati
361 2167 458 2232 hostes,
473 2163 741 2221 hiuccomminuaat-

491 2238 615 2311 quehina
756 2242 795 2287 tta

100 2323 165 2371 rant.
195 2317 277 2370 Instat
286 2331 339 2370 non
350 2315 444 2379 sacius,
457 2330 487 2368 ao
495 2320 562 2368 rotat
570 2327 660 2366 ansam

99 2408 174 2457 aum;
195 2388 277 2445 donec
286 2389 377 2444 Rutuli
386 2388 525 2443 clamantis
537 2387 565 2441 in
575 2402 620 2440 ore

99 2464 118 2517 it
128 2464 246 2529 adverso.
258 2472 284 2520 et
293 2464 408 2519 moriana
417 2461 534 2519 animam
542 2458 652 2515 abstulit
660 2459 739 2515 hosti.

100 2532 624 2610 uparexauimamaaaaproiaeitamiaum

100 2631 148 2679 ius,
159 2613 314 2685 placidaque
322 2612 360 2669 ibi
369 2611 478 2667 demum
487 2618 571 2667 morta
579 2606 687 2683 quievit.
756 2615 795 2660 tta

102 2688 174 2744 uuati
183 2687 276 2743 ambo!
295 2687 320 2743 ai
329 2685 396 2759 quid
405 2704 464 2742 mea
471 2686 589 2743 earmina
600 2688 721 2757 possum,

100 2763 143 2819 lies
153 2779 272 2835 uuquam
280 2761 392 2821 mamati
402 2778 450 2821 vus
459 2761 645 2825 extrariam,
