1846 3052
190 169 240 223 262
352 175 383 220 P.
402 171 574 220 VIRGILII
589 171 765 240 atauoms

192 291 264 330 arma
274 273 342 328 inter
351 290 443 346 regum
454 271 520 327 falsa
528 270 671 328 formidine
678 270 757 336 ludit,

190 349 299 421 (respiee
308 346 342 402 ad
353 346 426 420 haee)
438 346 532 402 adsum
542 346 666 403 Dirarum
677 345 714 402 ab
724 344 787 402 sede
800 360 920 413 summat

139 432 176 477 455
190 422 258 477 bella
268 439 349 477 manu
363 420 498 493 letumque
507 438 579 494 gero.

191 497 235 552 Sic
243 496 317 551 effata
327 494 409 551 facem
419 496 509 551 iuveni
520 493 638 559 coniecit,
648 500 675 549 et
685 500 741 549 atro

192 570 294 626 lumine
303 569 434 626 fumantes
445 570 503 625 lixit
511 569 563 625 sub
572 576 675 640 pectere
687 567 788 625 taedas.

192 644 244 700 Olli
254 661 380 700 somnum
389 645 483 718 ingens
493 644 594 715 rumpit
603 659 695 715 pamm
706 659 822 717 esseque
830 649 856 701 et
864 650 922 699 artu

192 718 326 790 pertundit
335 726 387 774 toto
396 726 539 790 proruptus
548 734 655 790 corpore
662 717 754 773 sudor.

138 801 177 846 400
192 795 273 848 Arma
282 810 374 848 amens
383 792 483 862 fremit3
504 810 578 848 uuna
590 792 784 864 tarateetisque
793 791 905 865 requirit.

193 867 280 922 Saevit
290 884 364 923 amor
371 865 442 931 terri,
454 874 480 922 et
488 866 611 922 seelerata
620 866 724 923 insania
732 865 812 935 belli3

192 943 232 996 ira
242 959 335 1013 super:
355 958 453 1014 magno
464 941 548 998 veluti
557 958 643 1014 quum
651 938 760 996 flamma
769 956 864 997 sonare

192 1016 282 1090 virgea
291 1016 442 1090 suggeritur
450 1017 528 1071 nostis
538 1015 664 1072 undantis
673 1015 744 1081 aeni,

193 1089 572 1163 exsultantqueaestulatiees3
593 1089 658 1145 furit
665 1090 740 1147 intus
749 1089 828 1162 aquai

139 1172 179 1218 405
193 1165 312 1221 fumidus
323 1173 402 1238 atque
413 1163 464 1219 alta
473 1165 577 1236 spumis
587 1164 713 1220 exuberat
721 1164 825 1233 amnis3

194 1257 242 1294 nee
254 1239 307 1294 iam
318 1256 346 1294 se
354 1239 424 1310 eapit
432 1239 517 1308 unda;
539 1239 609 1295 volat
617 1255 700 1310 vapor
706 1245 763 1294 ater
772 1237 807 1294 ad
814 1254 894 1295 aurae.

194 1315 265 1387 Ergo
273 1315 322 1369 iter
330 1313 364 1368 ad
373 1330 461 1387 regem
470 1312 569 1385 polluta
578 1329 641 1385 pane
648 1313 776 1368 hunum

194 1389 287 1444 indicit
298 1388 392 1460 primis
402 1389 538 1454 iuvenum,
553 1394 578 1443 et
587 1387 660 1442 iubet
669 1405 744 1442 arma
752 1386 848 1459 parari,

195 1463 274 1518 tutari
284 1463 395 1528 ltaliam,
407 1462 544 1518 detrudere
552 1461 652 1517 tinibus
661 1461 778 1529 hostem3

140 1543 180 1589 440
194 1554 224 1592 se
233 1537 297 1592 satis
307 1537 436 1592 ambobus
446 1537 607 1608 Teucrisque
614 1537 705 1591 venire
713 1536 877 1608 Latinisque.

195 1612 262 1665 llaec
270 1610 318 1665 ubi
327 1611 394 1666 dicta
405 1611 485 1678 dedit,
497 1611 626 1684 divasque
637 1611 666 1666 in
675 1617 736 1666 vota
744 1611 862 1666 vomuit:

195 1685 312 1739 certatim
322 1702 379 1740 sese
387 1685 479 1740 Rutuli
488 1684 659 1741 exhortantur
670 1685 700 1740 in
711 1701 796 1740 arma.

195 1761 272 1814 Hune
281 1758 360 1813 decus
370 1760 507 1832 egregium
516 1759 613 1816 turmae
623 1765 798 1832 movetatqua
805 1759 917 1819 iuventa

196 1833 269 1889 hune
279 1833 346 1887 atavi
360 1849 445 1906 reges,
456 1833 529 1889 huna
537 1834 615 1889 elaris
624 1833 731 1889 dextera
740 1833 827 1888 iactis.

141 1916 181 1962 445
232 1909 301 1962 Dum
311 1907 417 1962 Turnus
426 1906 537 1962 Rutulos
547 1907 643 1963 animis
652 1907 798 1962 audaeibus
807 1906 904 1979 implet:

195 1980 294 2038 Allecto
304 1981 332 2036 in
342 1982 454 2036 Teucros
463 1981 564 2055 Stygiis
576 1999 605 2037 se
612 1982 723 2038 munitat
732 1981 793 2046 alis,

197 2063 251 2112 arte
260 2072 337 2121 nova,
350 2054 481 2129 speculata
490 2056 587 2122 laeum,
599 2073 654 2128 quo
662 2055 737 2113 litura
745 2055 858 2130 pulcher

196 2131 302 2187 insidiis
310 2147 444 2203 cursuque
452 2128 519 2186 ieras
529 2130 643 2204 agitabat
651 2129 734 2186 Iulus.

197 2205 245 2259 liic
255 2205 371 2260 subitam
380 2205 490 2261 mnibus
500 2205 600 2261 rabiem
611 2204 804 2279 Cwytia·virgo

143 2286 183 2332 400
197 2278 295 2342 obiicit,
307 2288 333 2334 et
341 2288 402 2335 nota
411 2297 487 2335 nares
495 2280 623 2353 eontingit
632 2280 720 2345 odore,

198 2359 228 2407 ut
237 2369 345 2407 nervum
357 2354 477 2410 ardentes
487 2362 606 2428 agerent:
626 2371 695 2427 quae
704 2352 791 2426 prima
801 2352 911 2409 labam

198 2425 359 2492 nauseabit,
370 2427 493 2501 belloque
505 2429 607 2484 animos
616 2429 732 2485 sucendit
741 2435 868 2501 agrestes.

199 2501 298 2556 Cervus
308 2508 362 2555 erat
371 2501 454 2557 torma
464 2503 605 2574 praestanti
613 2511 639 2559 et
647 2502 774 2559 cornibus
783 2503 887 2577 iugens.

200 2574 345 2654 Tyrrhidae
354 2577 429 2650 pueri
439 2595 520 2651 quem
529 2579 620 2634 matris
630 2579 664 2634 ab
673 2578 756 2634 ubera
764 2585 873 2651 raptum

134 2661 178 2710 405
192 2654 349 2726 nutribant,
359 2652 874 2733 Tyrrhenaqusqamsusuumt
893 2676 896 2681 ·
