1846 3052
129 175 178 230 302
294 180 325 228 P.
345 180 515 227 VIRGILII
531 170 706 225 M'ARoNIs

129 281 196 353 quid
205 280 332 344 dubitem,
342 287 368 334 et
376 286 444 352 q'uae
452 297 525 334 nune
533 278 622 334 animo
631 280 760 334 sententia
769 288 858 355 surgat

129 358 235 411 Aenean
245 355 322 408 acciri
332 371 432 419 omnes,
444 354 611 426 populusque
619 361 770 426 patresque,

129 436 283 502 exposcunt,
297 429 420 500 mittique
431 429 511 493 viros,
522 430 570 500 qui
579 436 648 483 certa
658 438 799 500 reportent

130 505 158 560 Si
167 504 225 568 tibi,
238 520 306 575 quae
318 520 405 574 posco,
419 504 583 574 promittunt,
596 501 667 576 (nam
677 504 744 558 mibi
754 503 815 560 facti

77 590 117 633 195
131 580 199 635 fama
209 584 250 632 sat
260 578 325 652 est3)
343 577 447 632 tumulo
455 578 546 632 videor
555 579 667 649 reperire
677 579 729 632 sub
744 578 791 634 ilio

130 671 207 726 posse
215 654 287 708 viam
299 652 332 708 ad
341 669 432 707 muros
441 659 466 707 et
475 652 578 708 moenia
591 651 733 708 Pallantea.

132 727 276 799 Obstupuit
285 745 381 800 magno
391 725 500 782 laudum
512 743 654 798 percussus
664 744 754 782 amore

130 803 278 876 Euryalus3
299 800 379 855 simul
391 803 433 856 his
446 801 579 856 ardentem
589 801 684 856 affatur
692 802 823 857 amicum:

132 877 207 932 Mene
216 876 297 948 igitur
307 877 407 931 socium
418 876 532 931 summis
542 876 685 950 adiungere
693 877 784 945 rebus,

78 961 118 1004 tou
132 953 204 1016 Nise,
218 949 307 1024 fugis?
326 950 412 1004 solum
422 959 447 1004 te
456 952 485 1004 in
495 957 565 1005 tanta
577 949 695 1022 pericula
706 951 829 1006 mittam?

132 1027 190 1081 Non
203 1025 239 1080 ita
247 1042 290 1080 me
298 1025 408 1098 genitor,
423 1025 500 1080 bellis
510 1032 639 1089 assuetus,
651 1024 787 1096 Opheltes,

133 1100 284 1173 Argolicum
295 1107 417 1154 terrorem
427 1099 494 1154 inter
503 1100 647 1170 Troiaeque
656 1098 760 1155 labores

133 1175 268 1231 sublatum
277 1174 384 1237 erudiit;
406 1191 453 1228 nec
461 1181 547 1228 tecum
556 1173 617 1228 talia
626 1173 707 1247 gessi,

134 1251 336 1324 magnanimum
345 1250 450 1304 Aenean
459 1255 485 1303 et
493 1248 545 1302 fata
554 1255 669 1303 extrema
679 1255 794 1303 secutus.

80 1333 119 1377 205
133 1325 180 1379 Est
189 1324 241 1390 hic,
253 1331 293 1378 est
302 1324 407 1378 animus
414 1322 480 1377 lucis
489 1330 639 1388 contemtor,
652 1330 678 1377 et
687 1324 771 1377 istum

134 1399 181 1470 qui
190 1399 244 1454 vita
253 1399 320 1453 bene
328 1397 415 1452 credat
423 1399 485 1463 emi,
497 1415 551 1469 quo
561 1397 657 1462 tendis,
670 1397 809 1452 honorem.

134 1474 215 1528 Nisus
225 1473 258 1527 ad
267 1474 343 1528 haec:
363 1472 494 1544 Equidem
505 1472 537 1526 de
547 1480 571 1526 ta
581 1471 619 1526 nil
628 1471 680 1525 tale
692 1473 815 1540 verebar3

136 1547 244 1616 nectas,
266 1565 329 1601 non.
357 1549 394 1602 lta
409 1564 452 1600 me
465 1545 557 1600 referat
568 1546 617 1600 tibi
631 1563 746 1619 magnus
755 1553 858 1602 ovanter

135 1623 241 1692 Iupiter,
253 1630 298 1675 aut
307 1622 459 1692 quicunque
468 1621 551 1675 oculis
561 1620 624 1674 haec
632 1620 745 1692 adspicit
754 1621 853 1694 aequis.

81 1705 120 1749 210
135 1695 184 1750 Sed
195 1696 218 1749 si
228 1696 298 1766 quis,
310 1695 386 1768 (quae
394 1695 477 1751 multa
486 1695 560 1749 vides
569 1695 722 1750 discrimine
731 1695 787 1770 tali)

135 1770 159 1824 si
169 1770 230 1841 quis
240 1771 267 1824 in
277 1769 417 1824 adversum
430 1771 513 1841 rapiat
522 1787 631 1824 casusve
640 1769 750 1836 deusve,

135 1843 408 1916 tesuperessevelim3
429 1852 473 1898 tua
483 1845 537 1899 vita
546 1844 651 1917 dignior
660 1852 742 1900 aetas.

136 1919 183 1984 Sit,
196 1919 243 1990 qui
255 1935 297 1973 me
306 1926 409 1989 raptum
420 1935 518 1992 pugna,
530 1919 645 1990 pretiove
653 1918 811 1984 redemtum,

135 1993 242 2049 mandet
250 1993 333 2048 humo
343 1992 431 2062 soiita3
453 2001 497 2048 aut
506 1993 529 2046 si
541 2012 594 2065 qua
604 1993 632 2048 id
640 1993 759 2049 Fortuna
767 1993 858 2050 vetabit

82 2079 121 2124 215
136 2069 236 2123 absenti
245 2068 309 2123 ferat
320 2067 435 2134 inferias,
447 2067 601 2139 decoretque
609 2066 741 2139 sepulcro.

136 2145 193 2198 Neu
204 2142 281 2198 matri
290 2143 400 2198 miserae
409 2143 473 2198 tanti
485 2142 536 2197 sim
546 2159 638 2197 caussa
650 2142 764 2198 doloris:

136 2235 204 2289 quaa
215 2226 248 2283 te,
261 2218 325 2283 sola,
337 2234 409 2288 puer,
421 2216 512 2272 multis
523 2217 677 2272 amatribus
686 2234 762 2282 ausa,

137 2293 311 2363 persequitur,
325 2293 414 2365 magni
425 2309 472 2346 nec
480 2292 582 2346 moenia
592 2299 666 2346 curat
674 2290 793 2348 Acestae.
813 2338 817 2347 .

137 2366 293 2421 lllaautem:
314 2367 426 2422 Caussas
436 2366 616 2438 nequidquam
625 2367 707 2421 nectis
716 2366 818 2434 inanes,

84 2452 123 2496 220
138 2457 185 2495 nec
193 2456 252 2494 mea
261 2440 314 2494 iam
323 2449 421 2496 mutata
434 2440 489 2496 loco
498 2441 624 2495 sententia
632 2441 710 2496 oedit.

137 2514 326 2579 Acceleramus,
339 2516 384 2570 ait.
413 2516 512 2589 Vigiles
523 2515 603 2570 simul
613 2515 718 2570 excitat.
747 2514 790 2570 lili

135 2587 290 2656 succedunt,
302 2598 458 2662 servantque
466 2591 550 2659 vioes;
571 2591 682 2646 statione
691 2589 781 2646 relicta

130 2670 193 2749 ipse
201 2685 293 2730 comes
301 2667 370 2729 Niso
377 2665 808 2746 graditur,reqanxsrsqstmm
