1846 3052
194 157 391 203 AENEIDOS
413 159 482 204 LIB.
504 158 551 204 xl.
694 155 742 206 359

113 254 177 328 Spes
188 255 239 309 sibi
250 256 374 327 quisque.
407 257 457 312 Sed
467 257 754 332 haecquemengusta,

491 331 595 386 videtis.

99 421 153 477 que
162 421 250 458 rerum
260 404 358 460 iaceant
370 404 489 478 perculsa
500 407 586 472 ruine,
758 417 797 459 313

98 478 161 534 iulos
171 480 291 549 interque
300 497 395 534 manus
404 487 467 534 sunt
478 482 567 535 omnia
577 487 684 536 vestras.

98 571 226 626 nmquam
238 554 339 607 incuso.
373 554 460 609 Potuit
468 571 537 627 quae
546 553 661 625 plurima
670 555 755 611 virtus

98 630 137 683 rit.
167 629 230 681 Toto
240 634 366 682 centetum
374 635 413 682 est
422 645 529 699 corpore
538 629 624 702 regni.

98 702 160 767 ideo,
173 719 242 773 quae
251 703 286 755 sit
295 702 391 756 dubiae
400 703 526 757 sententia
536 703 627 766 menti,

98 794 148 841 am,
160 784 185 830 et
193 777 284 847 paucis
298 775 408 847 (animos
418 776 547 850 adhibete)
556 777 663 833 docebo.
758 787 796 831 ³¹5

98 852 185 922 tiquus
195 868 256 924 ager
266 851 350 904 Tusco
362 851 428 905 mibi
437 852 576 922 proximus
588 852 670 915 amni,

108 927 135 980 in
145 941 276 989 occasum,
292 924 358 978 fines
368 942 448 996 super
459 925 675 997 usqueSicanos;

99 1000 119 1054 ci
129 999 274 1070 Rutulique
284 1008 375 1054 serunt
395 1008 420 1054 et
430 1017 535 1055 vomere
544 1000 624 1054 duros

99 1080 119 1129 rt
129 1073 216 1138 colles,
229 1082 307 1145 atque
319 1074 414 1128 borum
425 1075 566 1145 asperrima
577 1080 698 1144 pascunt.

99 1150 166 1203 mnis
177 1149 249 1221 regio
260 1156 285 1202 et
293 1147 354 1202 celsi
365 1148 441 1220 plaga
452 1149 530 1218 pinea
540 1147 637 1201 montis
757 1159 796 1201 320

100 1223 211 1277 micitiae
220 1223 392 1289 Teucrorum
413 1230 438 1276 et
449 1221 558 1276 foederis
571 1238 668 1293 aeques

99 1298 215 1370 releges,
227 1299 364 1368 sociosque
374 1297 400 1350 in
412 1313 491 1369 regna
501 1313 638 1363 vocemus;

99 1380 145 1434 int,
158 1373 179 1425 si
191 1379 279 1426 tantus
292 1388 374 1436 amor,
388 1371 523 1426 etmoenia
533 1370 655 1425 condant.

99 1464 122 1501 >s
134 1448 199 1500 tines
209 1446 341 1518 aliamque
348 1462 481 1516 capessere
491 1453 596 1518 gentem

99 1539 165 1584 mus,
179 1528 342 1591 poscuntque
351 1521 407 1574 solo
416 1519 539 1574 decedere
549 1527 648 1573 uostm:
758 1529 796 1572 333

99 1614 134 1649 ias
145 1596 208 1650 Italo
218 1604 339 1649 texamus
352 1595 443 1650 robore
453 1611 542 1659 naves,

99 1688 146 1725 ires
160 1670 290 1741 complere
300 1667 399 1725 valent:
420 1669 484 1723 iacet
495 1668 583 1724 omnis
593 1667 627 1722 ed
637 1666 736 1723 undam

99 1762 133 1810 es;
155 1745 204 1816 ipsi
215 1761 409 1816 numerumque
420 1743 583 1815 modumque
591 1742 688 1796 carinis

99 1819 172 1886 riant;
194 1836 242 1873 nos
254 1836 321 1883 aera,
337 1836 441 1883 manus,
453 1817 557 1873 navalia
566 1817 670 1873 demus.

99 1911 140 1958 aa,
153 1894 199 1964 qui
209 1893 276 1948 dicta
287 1893 379 1958 ierant,
391 1901 416 1948 et
425 1892 527 1947 foedera
537 1892 650 1953 firment,
757 1901 795 1943 333

99 1988 104 2021 r
115 1977 227 2022 oratores
237 1969 322 2038 prima
330 1967 364 2021 de
372 1975 449 2040 gente
458 1967 564 2021 Latinos

99 2051 139 2107 ret,
151 2043 277 2113 pacisque
286 2059 367 2096 manu
377 2040 543 2112 praetendere
552 2055 648 2102 ramos,

100 2135 109 2170 r
120 2123 251 2188 pertentes
261 2116 372 2186 aurique
380 2115 519 2184 eborisque
528 2112 623 2167 talenta

100 2209 126 2245 m
140 2191 214 2263 regni
224 2191 393 2260 trabeamque
402 2189 517 2260 insignia
526 2185 619 2241 nostri.

101 2266 134 2320 ite
145 2266 171 2319 in
183 2265 310 2329 medium,
326 2272 351 2318 et
360 2263 439 2317 rebus
448 2260 592 2316 succurrite
602 2259 689 2314 fessis.
757 2269 795 2312 335

99 2341 234 2402 rDrauces,
247 2338 316 2393 idem
327 2336 453 2399 infensus,
465 2353 546 2406 quem
555 2332 637 2408 gloria
648 2333 732 2389 Turni

99 2413 217 2468 rinvidie
227 2411 396 2484 stimulisque
408 2410 522 2483 agitabat
530 2409 636 2470 amaris,

100 2505 191 2559 opum,
204 2494 228 2541 ct
237 2486 328 2560 lingua
339 2485 439 2550 melior,
450 2485 497 2539 sed
506 2483 601 2557 frigida
610 2482 679 2536 bciio

100 2584 113 2628 ι,
126 2562 242 2617 consiliis
252 2561 359 2615 habitus
368 2577 421 2614 nen
431 2558 514 2614 futilis
524 2565 622 2622 auctor,

100 2655 124 2692 re
129 2645 238 2707 potens;
257 2653 344 2711 genus
354 2636 548 2693 buicmaterna
557 2631 711 2707 superbum
760 2638 809 2678 333
