1846 3052
178 155 209 206 ill
339 159 367 204 P.
387 158 558 204 VIRGILII
575 158 749 204 MARONIS

121 269 148 313 95
173 258 299 326 ereditur;
320 258 378 328 ipse
387 257 453 312 aries
462 258 540 312 etiam
550 275 622 312 nune
631 257 727 313 vellera
736 257 825 312 siccat.

175 349 222 390 uA.
241 334 339 406 Tityre,
350 340 485 403 pasoentes
495 352 510 387 a
519 332 630 387 flumine
639 333 705 387 retae
713 332 840 404 capellas:

176 409 242 480 ipse,
254 407 303 462 ubi
312 413 417 478 tempus
426 407 484 472 erit,
496 424 588 462 omnes
598 407 625 461 in
636 406 705 461 fonte
715 406 820 462 lavabo.

176 499 225 538 uu.
245 481 415 555 Cogitemus,
428 483 517 553 pueri;
537 483 560 536 si
571 481 611 537 lac
618 482 776 554 praeceperit
785 487 881 546 aestus,

176 564 208 612 ut
217 573 309 627 nuper,
322 556 418 610 frustra
426 556 608 628 pressabimus
616 557 697 611 ubera
708 555 814 628 palmis.

124 642 163 684 tuo
175 647 221 686 na.
241 633 308 696 lleu,
323 631 385 697 heu,
402 647 483 703 quam
491 631 588 706 pingui
597 647 683 686 maoer
696 638 735 685 est
750 631 817 685 mihi
831 637 920 686 taurus

616 706 645 760 iu
655 706 730 761 ervo!

180 779 253 835 ldem
264 797 338 835 amor
346 779 458 836 exitium
468 780 554 851 peoori
564 781 718 852 pauorisque
728 778 867 852 magistro.

179 872 227 909 uu.
247 855 294 909 His
307 861 375 910 uerte
388 871 477 926 neque
489 871 562 909 amor
576 872 668 910 caussa
682 861 734 924 est3
756 854 803 908 vix
818 852 921 908 ossibus

618 929 735 984 haerent.

181 1003 275 1059 Nescio
285 1003 347 1074 quis
356 1009 458 1058 teneros
467 1001 560 1058 oculus
570 1003 637 1057 mihi
646 1002 756 1058 fascinat
766 1019 858 1075 agnos.

179 1092 225 1133 uA.
235 1078 291 1140 Die,
298 1078 398 1150 quihus
408 1077 526 1144 interris,
533 1084 558 1132 et
566 1079 619 1133 eris
627 1078 816 1150 mihimaguus
821 1074 921 1148 Apollo.

127 1162 166 1207 tut
179 1159 232 1208 tres
241 1159 327 1225 pateat
335 1152 400 1207 coeli
410 1154 525 1224 spatium
536 1169 589 1207 non
599 1152 715 1224 amplius
724 1151 813 1206 ulnas.

180 1243 229 1283 utu.
247 1228 302 1292 Die,
314 1227 414 1299 quihus
423 1228 452 1282 in
461 1228 536 1281 terris
546 1227 666 1298 inscripti
676 1226 784 1282 nomina
794 1241 888 1300 regum

181 1310 323 1357 nascantur
332 1301 416 1369 florea,
427 1309 452 1356 et
460 1300 583 1377 Phyllida
592 1302 666 1357 sulus
675 1301 776 1356 habete.

181 1393 225 1431 aa,
244 1378 302 1432 Non
313 1384 433 1432 nostrum
441 1377 566 1433 intervos
575 1384 660 1432 tantas
668 1370 900 1448 componereiites.

182 1451 216 1506 Et
225 1451 307 1507 vitula
316 1459 346 1505 tu
355 1452 462 1524 dignus,
473 1459 498 1507 et
507 1451 561 1517 hia,
581 1459 607 1507 et
616 1451 740 1524 quisquis
749 1466 853 1506 amores

129 1536 168 1578 tttt
182 1533 227 1579 aut
236 1532 334 1580 metuet
342 1526 442 1590 duloes,
455 1528 657 1598 autexperietur
665 1542 776 1582 amaros.

184 1599 304 1655 Claudite
314 1600 367 1655 iam
377 1601 458 1664 rivos,
469 1601 559 1671 pueri:
580 1609 621 1656 sat
630 1608 705 1673 prata
712 1587 874 1679 biberunt.)

446 1742 672 1771 ψ-

389 1894 724 1953 romulu

435 2007 681 2054 Ecuouutu

187 2115 316 2178 Sicelides
326 2123 426 2189 Musae,
438 2121 528 2195 paullo
536 2123 635 2178 maiora
645 2138 781 2177 canamus.

185 2200 244 2254 Non
254 2214 347 2253 omnes
356 2198 462 2254 arbusta
472 2199 566 2253 iuvant
575 2197 745 2268 humilesque
753 2195 880 2271 myricae.

187 2274 214 2329 Si
227 2272 349 2328 canimus
359 2272 450 2338 silvas,
462 2272 545 2328 silvae
554 2272 608 2327 sint
617 2271 732 2328 Consule
740 2271 847 2346 dignae.

223 2347 321 2403 Ultima
330 2347 438 2404 Cumaei
448 2347 521 2404 venit
530 2347 583 2402 iam
592 2346 718 2402 carminis
727 2353 810 2415 aetes;

134 2435 145 2477 5
185 2439 300 2496 magnus
310 2423 345 2478 ab
354 2423 456 2497 integro
464 2421 611 2479 saeclorum
620 2422 737 2477 nascitur
745 2421 820 2478 ordo.

188 2498 244 2553 lam
255 2497 355 2553 reditet
364 2498 457 2572 Virgo;
478 2497 590 2553 redeunt
598 2497 721 2552 Saturnia
730 2513 825 2570 rogatu

189 2573 242 2627 iam
252 2590 321 2628 nova
329 2573 467 2648 progenies
475 2571 546 2628 eaelo
555 2572 702 2628 demittitur
710 2570 769 2626 alte.

188 2647 230 2704 'lu
240 2647 319 2704 modo
328 2647 444 2705 nascenti
454 2664 545 2721 puero,
559 2664 614 2722 quo
622 2646 704 2704 ferrea
714 2645 832 2720 primum

219 2924 299 2982 .,i
