1846 3052
122 161 172 215 348
288 167 316 212 Ρ.
335 161 507 212 VIRGILH
522 160 698 208 HARONIS

122 274 148 320 et
156 272 235 336 ceput
242 263 343 319 Aeneae
350 260 454 327 referes,
465 260 599 332 Lausique
606 259 734 316 dolorum

123 339 193 393 ultor
201 339 252 393 eris
264 353 381 391 mecum:
403 342 456 400 aut,
469 336 551 406 aperit
559 335 584 389 si
593 334 668 390 nulle
677 336 816 403 triumviri,

69 424 108 466 855
122 413 261 467 occumbes
269 411 375 482 puriter.
404 411 496 481 Neque
503 410 586 474 enim,
597 408 753 476 fortissime,
763 410 849 478 oredo,

125 488 197 541 iussa
208 485 291 540 aliena
299 485 354 556 pati
366 490 391 538 et
399 483 520 538 dominos
533 483 678 557 dignabere
687 485 816 543 Teucros.
921 533 923 554 ,

123 557 693 631 Dixit,etexoeptustergooonsuetnloonvit
916 603 920 647 χ

123 634 251 697 membra,
266 649 416 703 manusque
425 631 615 687 ambesiaoulis
624 632 747 689 oneravit
757 633 848 699 sontis,
918 699 923 707 .

123 725 180 762 aere
189 713 268 777 eaput
276 705 532 778 fulgens‚cristoque
541 706 662 763 hirsutus
670 707 783 778 equino.
913 706 923 722 “

69 793 109 836 878
123 781 166 835 Sin
173 797 282 835 cursum
292 780 320 834 in
330 780 431 835 medios
441 780 635 850 rapidusdedit.
654 780 769 836 Aestuet
776 782 865 857 ingens
922 783 923 794 ’

123 872 178 909 une
187 854 215 908 in
224 853 300 908 eorde
308 853 402 923 pudor,
414 855 550 924 mixtoque
562 854 666 908 insanio
675 853 766 924 luotu3
887 848 891 867 ¹
904 846 919 925 ,l

126 927 161 1003 [et
168 928 256 982 Furiis
266 927 379 999 agitatus
388 945 470 992 emor,
482 935 508 981 et
516 928 619 982 oonsoio
629 926 744 1011 virtus]
919 921 923 942 '

125 1010 205 1074 etque
213 1001 257 1056 hio
265 1001 371 1056 Aenean
381 1019 476 1074 magne
485 1009 524 1056 ter
532 1018 596 1057 vooe
604 1003 719 1058 voeovit
904 996 913 1094 ᾗ*

125 1078 224 1131 Aeneas
234 1076 341 1148 agnovit
350 1076 430 1139 enim,
443 1074 580 1147 laetusque
585 1082 722 1147 preoetur:
914 1080 923 1091 ‘

70 1161 109 1205 875
124 1151 168 1205 Sic
178 1157 251 1221 peter
257 1149 304 1204 ille
312 1149 392 1205 deum
404 1148 488 1214 faciet,
500 1150 539 1204 sio
547 1149 616 1206 altus
625 1148 737 1222 Apollo!
914 1142 919 1165 ¹

125 1225 236 1294 incipies
245 1222 361 1278 conferre
370 1240 488 1278 menum.

125 1299 239 1352 Tantum
246 1298 347 1361 effetus,
363 1304 388 1351 et
396 1296 488 1352 infeste
501 1296 678 1352 subitobvius
690 1296 780 1353 hoste.

124 1371 172 1426 Ille
182 1380 283 1426 eutem:
304 1371 375 1438 Quid
384 1387 434 1436 me,
447 1378 543 1441 erepto,
554 1370 719 1437 saevissime,
733 1379 804 1436 neto,
889 1414 894 1439 ,

124 1444 224 1499 terres?
243 1447 310 1499 Haeo
320 1446 362 1500 vie
372 1444 428 1499 sole
436 1443 495 1509 fuit,
507 1461 561 1515 que
569 1444 677 1514 perdere
686 1462 791 1515 posses.

72 1530 111 1572 888
126 1521 178 1573 Neo
188 1526 298 1572 mortem
308 1519 456 1583 horremus,
468 1535 515 1573 neo
523 1518 616 1572 divum
625 1519 763 1588 parcimus
772 1519 830 1574 ulli.

125 1593 231 1647 Desine:
252 1591 304 1644 iem
315 1593 392 1647 venio
401 1592 554 1656 meriturus,
565 1598 590 1645 et
598 1591 663 1646 haee
671 1593 724 1647 tibi
733 1600 810 1664 porto

127 1665 194 1720 dona
206 1665 292 1735 prius.
321 1666 402 1730 Dixit,
413 1665 548 1736 telumque
557 1665 661 1720 intorsit
670 1665 700 1720 in
710 1667 828 1735 hostem,

127 1738 187 1793 inde
201 1737 273 1791 aliud
286 1754 365 1808 super
375 1749 453 1811 etque
461 1738 534 1793 aliud
542 1738 661 1810 figitque,
673 1739 803 1813 volatque

126 1811 226 1884 ingenti
238 1827 318 1884 gyro:
340 1811 386 1866 sed
396 1813 508 1868 sustinet
516 1829 612 1867 eureus
619 1813 715 1869 umbo.

74 1897 112 1939 885
127 1887 177 1939 Ter
187 1885 286 1939 circum
295 1885 440 1940 adstantem
450 1887 538 1943 laevos
546 1887 673 1957 equitavit
682 1888 712 1942 in
722 1887 810 1953 orbos.

127 1959 177 2013 tela
187 1976 268 2013 manu
279 1959 388 2027 iaciens,
409 1968 449 2014 ter
458 1978 547 2015 senum
557 1961 651 2014 Troius
659 1961 741 2017 heros

127 2034 270 2088 immanem
280 2041 365 2087 aerato
373 2034 646 2107 circumferttegmine
654 2033 765 2091 silvam.

128 2107 192 2162 Inde
201 2107 248 2162 ubi
256 2114 293 2162 tot
301 2109 412 2162 traxisse
421 2107 674 2178 mores,totepicule
682 2109 772 2165 tnedot

127 2181 232 2245 vellere,
244 2189 269 2236 et
278 2190 385 2255 urgetur
393 2199 483 2256 pugne
492 2199 649 2255 congressus
659 2182 771 2254 iniqua:

75 2265 114 2308 888
128 2255 212 2309 multe
226 2273 335 2310 movens
348 2257 445 2320 animo,
457 2257 511 2310 iem
518 2256 622 2311 tendem
632 2258 760 2328 erumpit,
772 2264 799 2314 et
808 2256 872 2314 inter
917 2296 920 2313 .

128 2328 261 2383 bellatoris
269 2330 331 2400 equi
340 2347 402 2387 cava
413 2337 529 2401 tempore
537 2331 641 2385 coniicit
650 2332 770 2388 hostum.

129 2401 207 2456 Tollit
216 2420 244 2456 se
254 2410 382 2457 arrectum
390 2404 549 2475 quadrupes,
561 2411 586 2458 et
595 2404 712 2459 oeleihus
721 2422 804 2461 eures

129 2477 256 2551 verberet,
269 2475 436 2549 effusumque
444 2480 558 2550 equitem
568 2495 648 2549 super
658 2479 716 2550 ipso
724 2487 836 2537 secutus

130 2550 256 2624 implicet,
268 2550 400 2622 eiectoque
410 2553 538 2606 incumbit
547 2569 660 2607 cernuus
670 2570 754 2608 armo.

69 2636 109 2682 895
126 2627 252 2688 Clamore
263 2625 824 2697 inueniuntmelumlromuuekm'xnimre
921 2607 923 2624 Ι
