1846 3052
139 200 188 255 428
301 206 331 250 P.
350 199 523 250 VIRGILII
541 199 722 246 MARONIS

138 323 192 361 non
201 311 304 377 accepta
313 303 365 376 piis
375 303 531 374 promittens
541 316 654 354 munera
662 299 753 355 Diovia.

83 390 123 433 22⁰
175 379 262 446 Quem
271 377 352 433 simul
366 377 463 452 Ogygii
475 374 613 431 Phoenicis
623 374 678 428 filia
689 374 787 430 Carmo

138 470 247 528 surgere
255 453 338 508 sensit
347 469 425 519 anns,
436 451 563 525 (sonitum
572 466 636 504 nam
648 447 747 504 lecerat
757 447 797 504 illi

138 544 285 583 marmoreo
294 535 396 582 aeratus
406 527 519 582 stridens
528 525 558 580 in
568 523 662 578 limine
669 522 762 598 cardo)

139 601 245 674 corripit
253 601 385 674 extemplo
394 600 491 657 fessam
503 599 631 674 languore
639 598 776 670 puellam:

138 683 165 731 et
173 675 265 742 simul,
279 676 388 732 Onobis
399 693 503 731 sacrum
513 681 601 747 capnt,
613 675 715 746 inquit,
726 673 835 729 alumna

84 760 124 804 225
138 767 191 806 non
200 751 249 806 tibi
259 752 441 824 nequidquam
450 750 544 806 viridis
554 766 601 821 per
610 749 716 805 viscera
728 747 814 822 pallor

139 833 257 900 aegrotas
266 826 340 880 tenui
347 825 457 880 suffudit
466 825 597 898 sangnine
606 840 706 894 vonas3

140 916 188 955 nec
197 898 838 973 leviehocfacerm,(nequeenimpote)curaenbe1

139 975 213 1030 haud
221 974 305 1040 fallor,
316 975 389 1047 quod
399 981 424 1029 te
434 975 523 1047 potins
532 975 704 1029 Rhamnusia
713 973 792 1029 fallit.

140 1051 207 1106 Nam
219 1067 273 1123 qua
282 1057 307 1105 te
318 1067 412 1105 caussa
420 1066 468 1104 nec
475 1048 561 1103 dulcis
571 1048 667 1120 poculo
676 1048 785 1111 Bacchi,

85 1133 125 1176 230
140 1141 189 1179 nec
196 1125 322 1198 gravidos
332 1125 433 1180 Cereris
442 1124 529 1179 dicam
536 1123 691 1196 contingere
699 1123 788 1179 letus?

140 1216 194 1270 qua
206 1215 300 1255 caussa
309 1199 343 1254 ed
352 1199 469 1271 patrium
479 1197 563 1253 solam
574 1198 687 1270 vigilare
698 1197 797 1263 cubile,

140 1281 258 1346 tompore
266 1290 320 1346 quo
329 1272 411 1329 fessae
421 1272 540 1329 mortalia
549 1280 653 1344 pectora
663 1289 754 1339 curas,

140 1364 195 1420 quo
205 1349 310 1420 rapidos
321 1349 401 1403 etiam
409 1349 579 1420 requiescunt
587 1346 703 1402 flumina
712 1345 824 1404 oureus?

140 1422 188 1477 Dic
199 1440 248 1496 age
258 1441 331 1478 nunc
340 1424 450 1478 miserae
459 1422 561 1487 saltem,
574 1422 648 1493 quod
658 1439 739 1495 saepe
748 1421 838 1495 petenti

86 1506 125 1550 235
140 1496 246 1552 iurabas
257 1497 325 1553 nihil
335 1515 393 1553 eese
402 1497 479 1563 mihi,
490 1514 553 1553 cum
563 1504 664 1551 maesta
675 1499 794 1569 parentis

141 1571 269 1627 formosos
278 1574 378 1627 circum
387 1574 464 1647 virgo
473 1588 601 1627 morerere
611 1571 744 1644 capillos?

140 1647 198 1701 Heu
207 1647 284 1712 mihi,
300 1665 334 1703 ne
344 1647 418 1703 furor
427 1647 472 1702 ille
480 1655 540 1703 tuoe
549 1647 677 1702 invaserit
687 1656 771 1712 artus,

141 1719 195 1784 ille,
207 1720 303 1775 Arabis
312 1723 437 1796 Myrrhae
445 1722 581 1795 qnondam
592 1722 641 1794 qui
652 1723 725 1794 cepit
734 1720 835 1785 ocellos.

140 1801 170 1850 ut
180 1793 275 1850 scelere
283 1795 401 1862 infando,
412 1798 486 1869 qnod
497 1813 545 1852 nec
556 1797 621 1852 sinit
629 1796 765 1862 Adrastia,

87 1877 126 1924 240
141 1869 242 1925 laedere
251 1876 395 1941 utrumque
404 1889 459 1926 uno
465 1871 571 1926 studeas
580 1888 668 1926 errore
676 1880 820 1943 parentem

142 1943 218 2012 Quod
229 1945 251 1999 si
261 1944 312 1999 olio
321 1945 418 2016 quovis
428 1947 517 2002 animo
527 1946 631 2000 iactaris
640 1963 748 2003 amore:

142 2038 204 2074 nam
215 2019 348 2086 telamoni,
361 2037 414 2076 non
422 2021 628 2076 estAmathusia
638 2023 725 2076 nostri

142 2103 196 2149 tam
207 2095 290 2160 rudis,
302 2103 333 2150 ut
342 2095 417 2150 nullo
426 2096 528 2167 possim
537 2112 695 2169 cognoscere
704 2097 797 2171 eigno;

142 2170 184 2224 sin
195 2187 334 2225 concessus
344 2187 417 2225 amor
427 2178 488 2225 noto
498 2177 523 2224 te
532 2177 645 2225 macerat
653 2171 733 2243 igne:

87 2248 127 2295 245
141 2244 245 2314 pertibi
256 2245 399 2319 Dictynnae
408 2245 553 2315 praesentia
563 2245 675 2299 numina
691 2246 761 2311 iuro,

141 2317 228 2388 prima
244 2319 328 2373 Mam
340 2337 408 2390 quac
422 2325 447 2373 te
457 2320 524 2374 mihi
533 2319 638 2374 dulcem
648 2319 731 2374 donat
740 2319 838 2376 alumne

142 2392 231 2446 omnia
241 2409 284 2447 me
293 2394 381 2464 potius
392 2394 472 2467 digna
483 2401 561 2466 atque
569 2395 682 2467 indigna
691 2394 816 2452 laborum

143 2466 226 2521 millia
236 2467 365 2532 visuram,
377 2485 459 2541 quam
468 2476 495 2524 te
503 2477 557 2524 tom
568 2470 690 2524 tristibus
700 2471 761 2526 istie

139 2540 268 2601 sordibus
277 2548 303 2600 et
311 2543 395 2598 sooria
406 2544 490 2615 patiar
500 2545 630 2599 tabescere
639 2544 697 2600 tali.

77 2633 120 2681 250
177 2624 252 2683 Haeo
264 2621 404 2700 loquitur:
423 2618 838 2688 molliqnenteeaelm'xtamictu

132 2704 309 2788 frigidulam
319 2700 424 2762 initote
431 2690 800 2758 &tmumlllffiffimx
