1846 3052
204 136 237 189 64
367 142 399 189 Ρ.
418 139 588 187 VIRGILII
607 139 781 187 MARONIS

151 255 175 296 15
203 242 326 308 Mincius,
337 247 363 297 et
372 245 460 296 tenera
467 240 594 312 praetexit
603 239 735 295 arundine
742 240 824 312 ripas.

204 318 234 372 ln
245 315 331 370 medio
341 316 407 370 mihi
418 316 512 371 Caesar
519 315 577 384 erit,
588 313 773 387 templumque
781 316 879 372 tenebit

204 391 245 446 Illi
256 391 337 446 victor
346 408 405 464 ego,
414 392 440 445 'et
449 390 529 464 Tyrio
536 395 690 460 conspectus
701 389 821 456 inostro,

204 472 310 520 centum
320 465 492 538 quadriiugos
502 464 606 538 agitabo
615 463 650 518 ad
658 461 876 521 fluminaourrus

203 539 305 596 Cuncta
314 540 391 615 milri,
402 539 534 610 Alpheum
544 538 668 610 linquens
677 537 807 611 lucosque
812 540 879 597 Moto

151 627 176 668 aa
203 615 327 669 cursibus
336 613 451 670 eterudo
460 613 581 669 decernat
589 613 698 668 Graecia
707 622 808 670 caestu.

205 691 273 761 Ipse,
285 696 363 760 caput
373 687 541 745 tonsaeioliis
550 695 657 743 ornatus
666 687 760 754 olivae,

205 765 273 819 dona
282 763 379 832 iaram;
400 764 453 818 iam
464 762 674 818 nuncsolemnoe
683 761 879 837 duoerepompr

206 838 240 892 ad
248 837 357 893 delubra
367 837 449 903 iuvat,
460 853 604 909 caesosque
611 837 700 893 videre
709 838 851 907 iuvaneos3

205 911 248 968 vel
257 929 334 966 scena
343 919 374 968 ut
383 913 465 968 versis
475 913 591 967 discedat
600 911 739 978 frontibus,
754 920 840 986 utque

152 998 177 1040 25
204 1004 337 1059 purpurea
346 986 438 1042 intexti
448 987 540 1042 tollant
548 986 638 1042 aulaea
646 986 774 1042 Britanni.

205 1063 235 1116 In
246 1058 347 1115 foribus
355 1078 474 1134 pugnam
484 1080 517 1116 ex
530 1079 593 1117 auro
602 1055 739 1134 solidoque
747 1061 879 1133 elephanta

206 1135 388 1209 Gangaridum
400 1135 502 1201 faciam,
515 1136 674 1207 victorisque
683 1145 755 1190 arma
766 1135 872 1202 Quirini

207 1218 285 1282 atque
295 1209 358 1265 hinc
365 1210 507 1266 undantem
518 1209 587 1265 bello
596 1227 778 1282 magnumque
787 1210 879 1268 fluent<

206 1285 308 1350 Nilum,
320 1302 350 1340 ao
359 1285 446 1340 navali
457 1292 593 1358 surgentes
603 1302 661 1339 aere
671 1283 819 1340 columnas.

152 1369 178 1411 aa
206 1359 310 1425 Addam
319 1359 399 1415 urbes
408 1359 486 1416 Asiae
495 1359 616 1423 domitas,
633 1358 797 1430 pulsumque
807 1361 878 1432 Niph

207 1434 384 1506 fidentemque
392 1433 455 1507 fuga
467 1434 592 1488 Parthum
601 1433 737 1503 versisque
746 1434 861 1507 sagittis,

207 1515 232 1562 at
241 1508 294 1562 duo
303 1515 374 1579 rapta
385 1526 466 1563 manu
476 1508 580 1563 diverso
589 1525 622 1563 ex
632 1507 706 1562 hosts
715 1515 829 1579 tropaea,

206 1582 302 1652 hisque
311 1583 486 1652 triumphatas
496 1589 609 1653 utroquo
617 1582 651 1636 ah
662 1580 736 1636 litore
743 1588 869 1660 gentas}

207 1655 319 1710 Stabunt
328 1661 353 1709 et
363 1656 430 1709 Parii
441 1654 549 1726 lapides,
561 1656 687 1728 spirantia
697 1656 784 1730 signa,

154 1740 178 1783 aa
207 1728 326 1784 Assaraci
335 1728 431 1800 pmlm,
442 1730 626 1802 demissasque
635 1731 669 1785 ab
679 1731 739 1786 Iove
751 1733 840 1804 gentis

207 1803 324 1868 nomina,
340 1805 457 1877 Trosque
469 1821 573 1876 parens,
590 1813 615 1860 et
628 1806 719 1859 Troiae
732 1805 867 1879 Cynthius

546 1922 549 1927 .
645 1887 743 1934 auctor.

207 1951 310 2006 Invidia
319 1951 412 2007 infelix
420 1953 515 2007 Furias
524 1952 684 2025 imnemque
692 1970 815 2009 severum

208 2026 298 2100 Cocyti
308 2033 415 2093 metuet,
428 2034 561 2100 tortosque
569 2029 669 2083 Ixionis
678 2047 788 2102 angues,

208 2101 406 2174 immanemque
414 2111 506 2168 rotam,
518 2111 543 2157 et
553 2119 605 2157 non
615 2102 799 2174 exsuperabile
807 2120 879 2160 saxu

154 2183 180 2228 ta
208 2177 306 2230 Interea
315 2177 450 2250 Dryadum
460 2177 541 2232 silvas
550 2176 686 2248 saltusque
696 2194 842 2248 sequamur

209 2250 326 2315 intactos,
339 2253 548 2316 tauniacensis,
560 2252 632 2306 haud
642 2251 731 2306 mollia
742 2252 825 2307 iussa.

208 2325 245 2378 Te
253 2324 311 2379 sine
319 2324 357 2379 nil
368 2323 450 2380 altum
461 2344 536 2380 mens
546 2325 658 2381 inchoat.
678 2327 718 2380 Eo
729 2342 786 2398 age,
802 2343 879 2400 segni

209 2415 303 2470 rumpe
313 2415 413 2467 moras;
436 2407 509 2455 vocat
518 2401 617 2473 ingenti
627 2400 740 2455 clamore
751 2400 879 2457 Cithaeroi

209 2472 879 2547 Taygetiquecanes‚domitrixqueEpidaurusequo

155 2555 181 2600 tn
208 2554 233 2601 et
243 2564 295 2603 vox
305 2547 418 2603 adsensu
429 2566 567 2605 nemorum
576 2549 736 2623 ingeminata
746 2552 871 2624 remugit.

203 2623 269 2679 Mox
278 2631 367 2680 umen
377 2622 498 2681 ardentes
506 2624 627 2699 accingar
636 2625 723 2678 dicore
729 2641 833 2696 mame
848 2672 853 2679 .
