1846 3052
153 165 203 217 362
320 169 350 216 Ρ.
369 165 542 212 VIRGILII
557 163 731 212 MARONIS

152 269 200 324 Vel
213 285 298 340 quum
307 284 336 321 se
344 263 570 337 pavidnmoontra
580 281 637 318 mea
648 264 735 337 iurgia
745 264 825 339 tingit

153 343 260 399 artificis
269 340 364 405 scelus,
376 346 401 394 et
410 338 551 394 formidine
559 339 660 393 crimen
670 339 783 393 acerbat

152 419 297 488 Nunquam
307 415 423 469 animam
430 412 509 468 talem
519 413 610 468 dextra
618 412 783 486 hac(absiste
791 415 895 488 moveri)

153 491 270 558 amittes3
292 489 391 544 habitet
399 495 496 554 tecum,
507 495 533 542 et
542 487 576 542 sit
584 495 688 558 pectore
697 488 725 543 in
735 489 798 542 isto.

98 575 139 621 414
153 566 231 621 Nunc
243 563 277 618 ad
290 571 324 628 te,
340 571 365 618 et
372 570 418 617 tua
427 580 532 636 magna,
544 570 626 634 pater,
640 562 763 617 consulta
774 571 894 619 revertor.

152 639 181 695 Si
190 637 292 694 nullam
303 637 398 692 nostris
407 636 476 692 ultra
486 653 561 709 spem
569 636 647 708 ponis
656 637 685 692 in
695 639 789 703 armis,

153 714 240 768 sitam
250 711 345 767 deserti
357 729 462 778 sumus,
473 719 498 766 et
507 711 588 766 semel
597 711 706 784 agmine
713 729 794 768 verso

153 785 895 860 funditusoocidimus‚nequahabotFortunaregressum3

154 879 260 918 oremus
270 878 370 933 pacem,
382 868 407 916 et
415 860 522 915 dextras
531 860 672 915 tendamus
681 860 791 916 inertes.

99 945 140 992 445
154 936 333 1008 Quamquam,
343 952 368 998 o,
381 936 405 989 si
417 934 508 990 solitae
517 934 780 1006 quidquamvirtutis
788 935 895 1000 adesset,

154 1010 199 1066 ille
208 1011 275 1065 mihi
287 1017 346 1065 ante
354 1008 419 1064 alios
428 1009 629 1081 fortunatusque
638 1009 771 1076 laborum,

154 1085 330 1160 egregiusque
340 1085 430 1149 animi,
439 1085 496 1156 qui,
508 1082 617 1155 nequid
626 1083 678 1138 tole
687 1084 799 1151 videret,

154 1160 296 1232 procubuit
306 1159 429 1224 moriens,
444 1166 469 1214 et
478 1159 592 1213 humum
602 1158 684 1213 semel
693 1175 739 1214 ore
748 1160 896 1217 momordit.

155 1235 200 1290 Sin
212 1242 238 1290 ct
246 1251 308 1306 opes
318 1234 403 1297 nohis,
416 1241 441 1288 et
451 1233 537 1289 adhuc
545 1233 641 1288 intacta
653 1233 792 1299 iuventus,

101 1317 141 1364 424)
156 1309 308 1380 auxilioque
317 1309 397 1363 urbes
406 1308 484 1364 Italae
494 1306 640 1380 populique
648 1316 809 1379 supersunt;

155 1384 198 1439 sin
208 1391 233 1438 ct
243 1383 362 1438 Troianis
372 1399 433 1437 cum
443 1381 527 1438 multo
538 1381 622 1456 gloria
631 1383 705 1438 venit

155 1458 299 1531 sanguiue:
320 1457 392 1530 (sunt
406 1456 458 1511 illis
469 1475 516 1512 sua
530 1456 630 1521 lunera,
641 1474 745 1528 parque
754 1476 802 1531 per
811 1474 897 1514 omnes

155 1532 304 1606 tempestas)
315 1550 362 1587 cur
373 1532 506 1587 indecores
515 1532 543 1587 in
553 1532 645 1586 limine
653 1533 743 1604 primo

157 1606 313 1662 deficimus?
331 1624 379 1661 our
388 1615 448 1661 ante
457 1607 549 1661 tubam
558 1613 655 1661 tremor
664 1615 778 1680 occupat
785 1605 876 1663 artus?

102 1691 141 1736 425
155 1680 238 1736 Multa
248 1680 304 1736 dies
314 1681 434 1754 variique
444 1680 517 1735 labor
526 1681 662 1737 mutabilis
672 1682 731 1736 aevi

157 1754 245 1810 retulit
257 1755 405 1822 inmelius;
427 1754 525 1810 multos
535 1754 634 1810 alterna
643 1756 764 1812 revisens

157 1829 221 1884 lusit
230 1829 292 1884 etin
302 1828 385 1883 solido
395 1846 488 1884 rursus
497 1831 612 1885 Fortuna
622 1830 727 1886 locavit.

157 1906 216 1959 Non
225 1904 275 1958 erit
286 1903 385 1958 auxilio
395 1905 472 1958 uobis
482 1904 588 1960 Aetolus
598 1911 623 1958 et
632 1904 711 1976 Arpi:

158 1987 184 2034 at
196 1979 332 2049 Messapus
342 1979 399 2043 erit,
410 1977 528 2050 felixque
536 1979 704 2044 Tolumnius,
715 1985 742 2034 et
751 1995 821 2050 quos

104 2063 143 2108 434
158 2061 196 2110 tot
205 2053 295 2125 populi
306 2053 401 2108 misere
411 2051 505 2118 duces;
528 2070 575 2108 nec
586 2052 660 2107 tarda
669 2060 798 2124 sequetur

156 2128 241 2202 gloria
251 2126 361 2182 delectos
374 2128 447 2182 Latio
457 2135 481 2182 et
491 2128 666 2182 Laurentibus
679 2127 764 2201 agris.

159 2205 207 2258 Est
215 2211 241 2257 et
249 2201 402 2258 Volscorum
413 2202 517 2275 egregia
527 2202 645 2275 degente
655 2201 780 2266 Camilla,

160 2294 255 2350 agmen
265 2294 346 2350 agens
356 2277 475 2348 equitum
499 2284 525 2331 et
533 2275 653 2331 florentes
662 2294 721 2332 aere
730 2283 860 2331 catervas.

160 2350 238 2418 Quod
248 2351 271 2404 si
281 2368 324 2406 me
333 2351 420 2406 solum
433 2352 527 2405 Teucri
537 2351 565 2406 in
574 2352 716 2407 certamine
726 2358 851 2422 poscunt,

107 2434 146 2479 435
161 2426 242 2497 idque
255 2424 347 2496 placet,
358 2433 516 2497 tantumque
525 2425 603 2481 bonis
615 2425 809 2480 communibus
817 2425 897 2480 obsto:

162 2518 215 2556 non
227 2498 290 2554 adeo
297 2500 346 2554 has
356 2516 435 2554 exosa
444 2517 540 2556 manus
552 2500 665 2557 Victoria
674 2500 754 2574 fugit,

161 2584 192 2634 ut
202 2582 275 2634 tanta
283 2573 433 2651 quidquam
442 2592 488 2648 pro
498 2592 544 2646 spe
552 2581 651 2629 tentare
659 2590 792 2630 recusem.

155 2657 208 2716 Ibo
220 2653 324 2716 animis
335 2657 442 2711 contra:
459 2649 507 2705 uel
514 2665 647 2716 maquum
653 2656 768 2716 quaestu
776 2647 898 2705 touillon.
