1846 3052
369 155 610 205 cATALEcTA„
809 153 858 204 diii

111 273 177 311 cum
189 255 278 311 subito
288 256 316 312 iu
326 256 412 312 medio
422 274 510 313 rerum
520 257 661 312 certamine
668 273 791 328 praeceps

152 331 261 396 corruit,
273 348 288 385 e
295 332 379 403 patrie
389 331 485 404 pulsus
495 333 524 387 iu
534 332 670 387 exsilium.

111 403 178 459 Tele
187 406 254 460 Deae
267 423 381 472 uumeu;
404 404 449 461 tali
457 405 577 462 mortalia
586 414 654 463 nutu

151 477 233 535 fallax
242 488 376 537 momento
384 482 510 554 temperis
518 481 582 537 hore
591 481 670 537 dedit
888 492 913 534 10

243 703 276 742 1³.
302 699 348 743 Au
373 699 575 746 uuuemum
598 698 732 744 MUSAM.

113 829 288 913 Quocunque
296 841 336 895 ire
343 838 432 897 iemut
439 841 528 897 variae
537 858 585 897 nos
594 849 710 914 tempore
719 841 797 907 vites,

150 923 258 990 tangere
267 932 335 988 quas
346 923 438 983 terres,
450 934 573 990 quosque
582 917 671 972 videre
681 916 817 973 homiues:

112 990 272 1064 dispeream,
281 991 305 1045 si
317 997 343 1046 te
353 989 431 1046 fuerit
440 991 506 1047 mihi
515 992 599 1048 eerior
607 990 679 1046 alter.

152 1063 225 1120 Alter
233 1064 306 1119 euim
319 1065 382 1138 quis
394 1073 420 1121 te
428 1065 531 1121 dulcior
542 1082 600 1120 esse
609 1062 713 1138 potest?

112 1140 156 1195 eui
168 1139 258 1196 Venus
268 1147 329 1194 aute
338 1138 411 1206 elios,
420 1139 489 1206 nivi,
503 1141 654 1213 Divumque
663 1154 773 1204 soreres,
901 1151 912 1193 t

151 1221 255 1278 cuncta,
271 1231 357 1286 neque
369 1214 488 1289 indiguo,
500 1215 584 1278 Musa,
596 1213 690 1269 dedere
699 1213 781 1282 boum

112 1288 883 1363 cuncte,quibusgeudetPhoebus‚cherusipsequePhoebi.

151 1364 279 1418 Doctioro
290 1365 395 1436 quiete,
407 1364 493 1429 Musa,
505 1362 588 1419 fuisse
597 1362 699 1435 potest?
732 1389 737 1398 =

113 1437 210 1511 Oquis
220 1445 246 1493 te
258 1438 287 1493 iu
296 1439 372 1493 terris
382 1438 501 1511 loquitur
510 1439 649 1494 iucundior
658 1437 731 1494 une?

152 1511 210 1569 Clio
224 1530 287 1568 nem
296 1513 484 1569 eerteeendide
494 1530 546 1569 non
557 1513 683 1585 loquitur.
887 1525 912 1566 ιο

113 1587 202 1655 Quare
211 1587 279 1642 illud
288 1588 352 1643 setis
361 1595 409 1654 est,
421 1588 480 1643 site
488 1589 619 1660 permittis
628 1588 725 1655 ameri3

153 1679 216 1728 nou,
231 1669 320 1718 eontra
329 1669 359 1718 ut
367 1664 402 1718 sit
412 1679 485 1718 emor
495 1671 606 1719 mutuus
616 1662 677 1718 inde
686 1662 764 1718 mihi.

256 1887 290 1926 1⁴.
313 1882 353 1925 IN
378 1881 534 1926 ucTAvtl
558 1883 721 1926 MORTEM.

113 2015 191 2091 Quis
200 2025 279 2092 Deus,
291 2023 391 2090 Octavi,
407 2032 431 2080 te
441 2025 518 2081 uobis
528 2023 654 2080 abstulit?
671 2023 723 2090 Au,
734 2039 804 2096 quae

119 2092 126 2107 '
153 2100 256 2166 dicunt,
268 2099 312 2166 uh,
324 2100 407 2155 nimio
416 2100 509 2170 poeula
519 2098 586 2154 dure
596 2095 687 2153 mero?

116 2175 199 2231 Vobis
212 2173 324 2246 siculpe
333 2180 372 2229 est
382 2173 458 2228 bilis:
479 2191 528 2229 sue
538 2188 673 2246 quemque
682 2180 831 2245 sequuntur

153 2248 220 2305 fetu:
241 2248 312 2321 quod
326 2248 451 2304 immeriti
461 2247 562 2303 crimen
570 2246 669 2303 hebent
676 2244 785 2322 cyathi?

115 2324 219 2396 Scripta
228 2323 338 2397 quidem
347 2331 451 2379 tuunos
461 2321 576 2378 multum
585 2320 752 2388 mirabimur,
765 2327 824 2377 ette
903 2334 915 2375 5

155 2407 260 2471 ruptum
270 2405 296 2455 et
305 2399 450 2455 Romanam
459 2396 582 2452 flebimus
591 2395 740 2453 historiam.

115 2474 169 2530 Sed
178 2482 208 2530 tu
217 2472 308 2529 nullus
321 2474 382 2529 eris.
412 2472 539 2538 Perveni,
551 2471 637 2536 dicite,
649 2472 748 2538 Manes,

155 2551 229 2606 hune
237 2566 374 2621 superesse
382 2548 450 2622 putri
460 2564 529 2621 quie
537 2545 588 2604 fuit
596 2545 716 2603 invidie?
