1846 3052
117 157 167 213 111
277 164 309 210 P.
328 162 501 211 VIRGILH
516 160 693 208 naucula

115 265 242 320 obtritum
255 263 332 318 morti
342 262 429 317 misit:
448 261 492 317 cui
502 260 612 315 dissitus
621 259 713 314 omnis

63 352 70 359 ·
116 340 226 410 spiritus
234 337 346 393 excessit
354 354 457 391 sensus.
486 337 555 389 Tum
565 342 639 389 torva
648 340 784 389 tenentem

116 413 220 468 lumina
229 412 343 483 respexit
351 419 497 482 serpentem
506 410 672 477 comminus;
694 408 758 463 inde

116 487 238 559 impiger,
249 486 390 551 exanimis,
402 486 449 540 vix
458 501 565 556 compos
574 491 672 547 mente,
685 482 793 557 refugit,

62 571 101 615 100
115 569 141 616 et
154 560 272 616 validum
285 560 375 616 dextra
388 567 512 614 truncum
521 559 635 614 detraxit
647 560 683 613 ab
692 574 773 613 omo:

117 635 165 707 qui
174 652 251 689 casus
261 635 369 690 sociaret
380 651 466 705 opem,
479 651 613 688 oumonve
621 633 746 688 deorum.

116 711 238 781 Namque
247 710 286 764 illi
296 709 429 764 dederitne
437 709 509 763 vinni
518 725 638 772 casusve,
649 707 761 772 deusve,

116 783 404 856 proderesitdubium:
425 782 510 838 voluit
519 783 566 836 sed
576 782 682 837 vincere
691 781 754 837 talis

117 857 223 924 horrida
232 857 369 930 squamosi
378 856 508 912 volventia
518 857 785 911 membradraconis:

63 942 102 986 105
116 939 195 1004 atque
204 931 364 996 reluctantis,
375 931 473 986 crebris
483 931 610 1002 foedeque
619 932 733 1002 petentis
810 951 814 957 ·

117 1007 222 1071 ictibus,
234 1024 295 1062 ossa
305 1005 372 1070 ierit,
382 1007 494 1078 cingunt
507 1023 561 1076 qua
569 1014 689 1076 tempora
695 1005 798 1060 cristae.

116 1081 150 1136 Et
162 1081 298 1152 quoderat
307 1081 407 1145 tardus,
418 1081 506 1135 somni
516 1080 642 1153 languore
650 1087 762 1145 remoto,

118 1156 223 1210 nescius
233 1156 389 1228 adspiciens,
403 1155 481 1209 timor
489 1154 672 1209 obcaecaverat
681 1162 770 1222 artus3

118 1229 169 1284 hoc
180 1231 272 1284 minus
281 1230 413 1301 implicuit
421 1229 478 1284 dira
487 1228 628 1283 formidine
637 1237 766 1283 mentem.

63 1314 104 1357 200
118 1303 203 1370 Quem
212 1312 353 1376 postquam
363 1305 430 1359 vidit
442 1321 547 1358 caesum
557 1302 736 1376 languescere,
749 1301 826 1357 sedit.

118 1379 175 1432 Iam
184 1379 304 1451 qrratitet
314 1379 417 1451 biiuges
425 1379 512 1432 oriens
522 1378 652 1432 Erebocit
661 1394 747 1449 equos
757 1379 824 1440 Nox,

118 1460 144 1506 et
152 1453 226 1525 piger
235 1461 326 1508 aurato
336 1453 452 1525 procedit
461 1453 558 1524 Vesper
567 1452 601 1506 ab
610 1451 688 1506 Oeta:

118 1543 180 1580 cum
190 1545 269 1600 grege
277 1527 414 1599 compulso
424 1535 519 1599 pastor,
534 1525 734 1597 duplicantibus
745 1525 835 1580 umbri:

122 1601 202 1666 vadit,
216 1603 278 1656 etin
288 1601 370 1657 fessos
381 1603 499 1673 requiem
509 1602 570 1656 dare
582 1608 717 1671 comparat
725 1609 807 1656 artus.

65 1684 104 1727 205
120 1675 203 1730 Cuius
212 1684 243 1728 ut
252 1674 358 1731 intravit
368 1677 450 1731 levior
459 1694 504 1746 per
514 1692 620 1746 corpora
630 1692 753 1737 somnus,

121 1748 300 1821 languidoque
310 1751 393 1804 effuso
403 1751 556 1822 requierunt
567 1749 686 1804 membra
696 1766 799 1820 sopore,

121 1821 221 1894 effigies
232 1823 335 1878 adeum
346 1823 444 1878 Culicis
455 1825 567 1888 devenit,
579 1823 652 1878 atilli

120 1898 201 1951 tristis
214 1898 247 1951 ab
257 1904 352 1951 eventu
361 1899 455 1953 occinit
463 1899 580 1952 convicia
593 1897 696 1955 mortis.

120 1971 223 2043 lnquit:
243 1971 314 2038 Quid
324 1972 442 2036 meritus,
455 1974 488 2027 ad
498 1990 566 2044 quae
576 1972 679 2026 delatus
690 1972 798 2026 acerbas

66 2055 106 2098 210
120 2062 198 2119 cogor
207 2046 278 2101 adire
288 2047 375 2101 vices?
396 2048 452 2102 Tua
461 2047 526 2101 dum
537 2048 603 2102 mihi
614 2047 698 2101 carior
708 2046 767 2117 ipsa

123 2121 176 2175 vita
188 2119 238 2175 fuit
247 2122 311 2184 vita,
326 2122 412 2193 rapior
421 2139 466 2192 per
476 2121 565 2175 inania
578 2123 673 2176 ventis.

122 2195 163 2250 Tu
174 2193 259 2250 lentus
268 2195 367 2250 refoves
377 2195 490 2251 iucunda
501 2197 618 2251 membra
629 2197 728 2267 quiete,

122 2277 226 2340 ereptus
235 2270 472 2326 tetrisccladibus:
494 2280 520 2324 at
532 2288 589 2324 mea
599 2272 690 2325 Manes

124 2345 223 2398 viscera
234 2346 357 2400 Lethaeas
366 2353 464 2418 cogunt
473 2353 607 2399 transnare
619 2363 666 2415 per
675 2344 779 2413 undas,

68 2429 107 2472 21⁵
124 2420 218 2490 praeda
228 2419 366 2474 Charontis
376 2437 446 2494 agor.
467 2419 557 2474 Viden’
568 2426 596 2473 ut
604 2419 744 2492 flagrantia
753 2421 835 2476 taedia

124 2495 225 2549 lumina
235 2493 363 2549 collucent
371 2494 473 2550 infestis
483 2495 571 2549 omnia
582 2494 701 2565 templls3

124 2569 202 2628 obvia
213 2568 364 2643 Tisiphone,
374 2569 539 2641 serpentibus
550 2568 669 2640 undique
678 2577 777 2635 comta,

123 2658 149 2710 et
158 2648 287 2709 flammas
296 2655 323 2705 et
330 2643 816 2718 saeuaquatumuuremeamma
