1846 3052
231 162 467 235 auertercou
482 163 552 208 ura.
571 162 618 208 1v.
763 160 791 210 et

107 263 456 337 nnequeerateoriisusus3
478 262 788 336 neeriseeraquisquam

107 340 189 395 undis
199 337 304 393 abolere
313 345 405 409 potest,
417 346 462 393 aut
471 338 576 393 vincere
583 336 700 392 flamma.
813 349 851 392 56⁰

114 414 225 471 tondere
233 412 343 484 quidem
353 413 446 467 morbo
455 412 600 485 illuvieque
608 429 698 483 peresa

107 507 158 554 era,
170 505 221 543 nee
229 487 295 543 telas
304 495 417 558 possunt
425 488 551 561 attingere
559 494 662 558 putree:

107 582 147 620 rm
155 564 237 618 etiam
246 563 348 617 invisos
357 563 381 616 ai
391 563 453 633 quis
462 569 572 617 tentarat
580 563 702 627 amictus,

107 647 174 695 entes
182 636 297 710 papulae
306 637 549 708 atqueimmundus
559 636 655 691 olentia
664 636 744 691 sudor

107 713 172 769 nbra
182 711 356 784 sequebatur3
378 729 426 766 nec
434 711 513 785 longo
522 711 616 766 deinde
625 712 738 767 moranti
814 723 853 766 565

107 793 310 863 pereeontactes
318 794 391 841 artus
399 804 472 841 sacer
481 787 551 860 ignis
559 779 681 842 edebat.)

317 937 539 967 ...εω-
571 857 792 970 {uenulae

149 1137 351 1197 LIBER
396 1137 699 1203 QUARTUS.

107 1315 189 1365 tenus
197 1308 262 1365 airii
270 1307 358 1364 mellis
366 1307 486 1364 eoelestia
495 1310 562 1364 dona

107 1402 198 1457 equar.
217 1386 292 1439 Hane
300 1384 388 1450 etiam,
398 1385 542 1449 Maecenas,
556 1384 660 1456 adspice
668 1391 779 1456 partem.

107 1459 221 1515 niranda
228 1460 278 1514 tibi
288 1459 387 1515 levium
397 1460 543 1531 spectacula
552 1477 649 1524 rerum,

107 1535 298 1609 gnanimosque
306 1535 395 1600 duces,
407 1535 541 1608 totiusque
550 1534 641 1589 ordine
650 1535 735 1608 gentis

107 1628 152 1676 ree,
163 1618 191 1666 et
202 1610 299 1676 studia,
310 1615 336 1665 et
343 1610 466 1682 populos,
478 1619 504 1666 et
511 1608 608 1683 proelia
618 1609 712 1664 dicam.
845 1623 856 1663 a

107 1684 269 1754 enuilabor;
290 1692 317 1741 et
325 1686 412 1740 tenuis
422 1703 476 1741 non
486 1685 578 1760 gloria,
590 1686 613 1739 si
623 1702 704 1757 quem

107 1761 170 1816 nina
178 1759 254 1816 laeva
262 1759 364 1824 sinunt,
375 1760 501 1833 auditque
510 1769 616 1817 vocatus
628 1759 731 1830 Apollo.

107 1835 228 1906 ’riucipio
236 1834 313 1890 sedes
322 1835 418 1907 apibus
426 1837 555 1908 statioque
564 1834 684 1907 petenda,

107 1910 253 1983 rnequeeit
261 1911 347 1965 ventis
359 1910 455 1976 aditus,
468 1910 539 1984 (nam
549 1908 646 1982 pabula
655 1909 728 1965 venti

107 2002 125 2040 a
138 1985 251 2041 domum
263 1985 420 2060 prohibent),
440 2003 526 2058 neque
539 2002 601 2040 oves
613 1983 745 2112 lhaedique
833 1994 858 2036 10

550 2067 611 2131 petu
622 2059 646 2112 ei

107 2135 169 2190 ibus
178 2133 316 2201 insultent,
328 2142 374 2189 aut
383 2151 473 2189 errans
483 2134 580 2189 bucula
590 2149 683 2204 campo

107 2210 174 2265 utiat
180 2226 279 2275 rorem,
289 2217 315 2264 et
323 2218 461 2284 surgentes
471 2217 561 2264 atterat
569 2208 674 2263 herbas.

107 2284 157 2340 sint
164 2291 192 2339 et
202 2285 266 2355 picti
275 2283 423 2358 squalentia
432 2292 504 2358 terga
513 2283 600 2339 lacerti

107 2360 209 2432 ignibus
221 2376 239 2414 a
250 2360 374 2425 subulis,
389 2376 570 2432 meropesque,
589 2356 708 2429 aliaeque
720 2373 766 2412 vo-

251 2462 256 2471 ·
556 2433 650 2496 lueres,

107 2508 224 2565 manibus
232 2510 333 2564 Procne
344 2516 435 2580 paetus
444 2509 546 2582 signata
555 2507 680 2562 eruentis.
836 2515 861 2557 15

107 2582 162 2639 ania
170 2601 234 2640 nem
245 2583 296 2639 late
306 2591 418 2649 vastant,
430 2583 554 2655 ipsasque
563 2582 680 2638 volantes

107 2656 561 2718 ateruntduleemnidirimmitibus
569 2676 670 2719 eseam.

107 2749 186 2797 t'ruarr.
686 2756 710 2813 F
