1846 3052
184 137 232 192 ⁴92
349 143 378 188 P.
397 142 564 189 VIRGILII
582 140 755 189 uanum

182 244 233 300 hoc
244 259 324 316 rogus
333 240 383 297 iste
390 241 466 308 mihi,
478 243 528 298 boe
538 241 611 315 ignea
621 258 734 314 araeque
742 241 887 313 parebant?

183 317 252 385 Quid
266 317 384 389 primum
394 316 493 373 deserta
503 315 616 389 querar?
635 316 803 373 Comitemne
812 335 917 375 sororem

183 389 896 539 ,εὲινονίεῐεέὴιιιοτίίεεηεἶίΙῐζεάθηίᾳιῐιιεἑιὲἒίειῑεέοοεζῗείεεεει

182 484 278 523 iema
326 483 355 521 as
373 483 431 522 erro
458 483 547 533 oor,a
577 482 611 521 ue
667 483 787 522 amora
898 510 903 521 .

130 555 169 598 osu
183 542 231 596 His
239 541 317 596 etiam
326 541 412 597 struxi
422 542 556 607 manibus,
567 540 719 614 patriosque
728 543 824 598 vocavi

183 633 246 671 voce
255 615 327 683 deos,
338 616 378 672 sie
385 623 411 672 te
421 623 452 671 ut
457 616 550 688 posita,
561 615 685 682 crudelia,
696 615 839 673 abessem?

182 683 317 746 Exstiniu
329 708 373 747 me
386 698 471 764 teque,
487 707 570 758 aoror,
616 689 775 763 palamque,
786 700 918 764 patresque

183 764 313 831 Sidonios,
323 765 470 837 urbemque
481 773 562 821 tuam.
591 767 668 830 Dete,
679 765 794 821 vulnera
807 766 917 842 lympliia

184 838 300 906 abluam,
311 847 345 907 et,
355 851 489 896 extremus
498 840 522 896 ai
532 858 594 913 quas
603 857 683 912 super
691 839 793 897 halitus
803 850 880 909 errat,

130 927 169 971 585
183 914 331 988 orelegam.
360 914 403 970 Sic
412 914 463 971 ieta
471 915 570 989 gradus
579 921 696 971 evaserat
704 914 783 982 altos,

183 990 418 1061 semianimemque
427 989 489 1046 sinu
499 1007 652 1064 germanam
662 988 785 1062 amplexa
795 990 897 1049 invehet

183 1081 245 1120 oum
254 1064 364 1139 gemitu,
375 1073 454 1138 atque
466 1072 535 1120 atros
544 1065 659 1121 aioeabat
667 1072 739 1121 veste
746 1081 866 1123 erueras.

183 1139 240 1205 Illa,
253 1157 347 1212 graves
355 1139 445 1195 oculos
454 1147 546 1196 oonata
554 1139 678 1206 attollere,
690 1157 787 1197 rursus

182 1214 281 1283 deficit;
302 1215 417 1270 infixum
427 1216 513 1271 stridit
521 1215 573 1271 suh
582 1222 684 1287 pectore
693 1214 807 1273 vulnus.

129 1299 168 1344 otu
182 1291 231 1344 Ter
240 1307 297 1344 sese
306 1289 425 1346 attollens
435 1291 577 1363 cubitoque
585 1290 681 1346 adnixa
692 1288 806 1357 levavit,

182 1371 222 1419 ter
230 1363 348 1420 revoluta
356 1373 412 1421 toro
420 1373 470 1430 eat,
480 1365 617 1438 oculisque
625 1365 777 1421 errantibus
786 1363 840 1421 alto

181 1439 313 1510 quaesivit
321 1439 392 1496 eaelo
401 1440 496 1506 luoem,
508 1440 690 1515 ingemuitque
697 1447 812 1512 reperta.

181 1514 250 1568 Tum
259 1514 325 1569 Iuno
334 1515 507 1587 omnipotens,
519 1514 627 1589 longum
638 1515 760 1571 miserata
770 1514 884 1571 dolorem

181 1587 354 1660 difficilesque
362 1590 458 1654 obitus,
471 1591 534 1645 lrim
543 1589 649 1645 demisit
658 1588 784 1664 Olympo,

128 1673 166 1717 ⁶95
181 1679 250 1734 quae
263 1661 404 1718 luctantem
418 1665 534 1720 enimam
548 1681 683 1737 nexosque
692 1663 912 1720 resolveretarua

181 1738 257 1798 Nam,
270 1737 333 1808 quia
342 1755 391 1792 aec
399 1737 460 1805 fato,
473 1741 565 1795 merita
573 1756 622 1795 nee
633 1744 717 1795 morte
724 1739 836 1813 peribat,

182 1810 229 1866 sed
238 1810 333 1866 misere
342 1820 402 1868 ante
412 1813 493 1880 diem,
507 1814 648 1886 subitoque
656 1830 765 1869 aooeaaa
774 1813 869 1878 lurore,

181 1885 300 1941 nondum
310 1885 350 1942 illi
359 1885 459 1943 flavum
469 1889 623 1961 Proserpina
632 1890 728 1945 vertioe
739 1889 843 1947 crinem

181 1960 332 2028 abstulerat,
344 1961 489 2037 Stygioque
498 1972 577 2036 ceput
585 1963 754 2020 damnaverat
763 1963 842 2021 Oreo.

127 2047 167 2089 auu
181 2036 252 2110 Ergo
261 2036 311 2091 lris
320 2037 416 2093 aroeeis
424 2056 472 2110 per
480 2039 583 2095 eoelum
592 2038 694 2094 roseida
705 2039 812 2110 penaio,

181 2112 255 2168 mille
263 2113 370 2169 trabeas
378 2115 465 2169 varios
474 2113 584 2171 adverso
593 2111 764 2179 soleoolorea,

181 2186 292 2252 devolat,
303 2195 328 2243 et
336 2206 416 2261 supra
425 2196 504 2261 eaput
511 2188 624 2244 adstitit:
645 2188 840 2261 Huncegobiti

181 2278 286 2317 sacrum
296 2263 368 2318 iussa
376 2262 439 2330 iero,
451 2272 529 2336 teque
538 2264 588 2318 isto
597 2279 702 2334 eorpore
711 2260 797 2318 solvo.

181 2335 225 2391 Sic
243 2336 287 2402 ait,
299 2345 325 2393 et
333 2339 424 2394 dextra
435 2340 535 2395 crinem
544 2345 625 2405 secet,
647 2337 734 2393 omnis
743 2345 770 2392 et
782 2354 837 2393 uua
