1846 3052
139 157 189 210 tlt
303 163 333 209 P.
351 159 522 208 VIRGILH
539 157 714 206 naltoms

490 260 526 301 15.
583 266 587 271 ”

293 334 323 388 Ρ.
351 330 525 389 VIRGILII
552 328 734 388 annolus

141 419 374 467 unacununn
400 420 451 465 nx
479 409 682 472 emenone,
711 420 815 472 auara
837 420 882 465 an

144 494 352 540 nueusnura
366 492 563 538 caucanam
577 482 700 536 suana
715 492 883 538 nannum

344 564 414 609 sua
441 563 623 609 somnam.

140 650 203 730 Ego
217 672 279 712 vcro
291 655 442 728 frequentes
453 674 470 712 a
482 654 604 711 taliterne
617 655 727 728 accipio.
756 655 792 711 Et
800 661 885 726 ium:

141 733 178 785 De
193 729 280 784 Aenea
295 730 404 803 quidem
419 748 492 796 mec,
512 731 545 795 si,
557 746 601 784 me
618 728 755 796 Hercules,
774 729 830 784 iam
846 730 887 786 di-

140 821 227 878 gnum
235 805 346 861 auribus
355 805 479 860 haberem
489 805 552 871 tuis,
560 803 671 859 libenter
680 805 826 860 mitterem.
836 804 886 861 Sed

142 885 246 934 tantum
261 877 433 934 inchoaturos
444 886 496 934 est:
516 886 547 934 ut
555 894 639 950 paene
647 878 714 934 uitio
723 878 821 935 mentis
830 886 886 935 tan·

141 963 200 1007 tum
217 969 285 1024 opus
298 953 436 1028 ingressus
445 953 513 1008 mihi
523 953 626 1022 videar3
647 969 713 1009 cum
724 954 886 1025 praecentim.

143 1036 174 1083 ut
190 1030 258 1091 scis,
274 1027 326 1083 alia
341 1045 448 1101 quoque
461 1026 551 1085 studia
563 1027 598 1084 ad
611 1026 641 1082 id
653 1044 737 1101 opus,
750 1026 885 1103 multoque

144 1103 254 1174 potiora,
266 1102 408 1177 impertiar.

402 1275 621 1305 -ι-εηοοι-ι

172 1560 178 1573 .
279 1494 306 1546 P.
327 1490 760 1551 v1nc1n11uan0u1s

193 1638 221 1709 C
400 1638 431 1709 Ο
593 1636 620 1708 Ρ
791 1640 837 1712 Α.

411 1841 618 1851 m

145 1964 222 2046 Ccpa
231 1972 346 2048 Syrisce,
358 1981 436 2045 caput
446 1972 524 2029 Graia
535 1973 656 2030 redimita
669 1975 783 2044 mitella,

181 2049 299 2120 crispum
312 2048 364 2104 sub
373 2046 468 2104 crotala
477 2048 551 2104 docta
561 2067 666 2105 movere
675 2048 758 2117 latus,

144 2123 215 2178 chria
226 2123 328 2179 fumosa
337 2122 414 2179 saltat
423 2123 520 2179 lasciva
530 2125 647 2189 taberna,

181 2196 215 2251 ad
224 2198 346 2254 cubitum
355 2215 447 2254 raucos
456 2199 593 2254 excutiens
605 2196 735 2254 calamos:

90 2281 102 2322 5
141 2311 160 2336 ‚‚
167 2270 237 2337 Quid
248 2271 321 2327 iuvat
332 2273 430 2329 aestivo
442 2272 575 2347 defessum
584 2272 694 2345 pulvere
702 2273 808 2342 abesse,

181 2362 263 2416 quam
274 2347 361 2418 potius
371 2347 464 2404 bibulo
474 2348 632 2404 decubuisse
640 2347 718 2404 tcrc‘l

144 2420 211 2475 Sunt
220 2437 310 2491 cupae,
323 2419 424 2487 calices,
435 2423 533 2496 cyathi,
545 2440 612 2489 rosa,
624 2422 700 2489 tibia,
713 2423 840 2492 chordae,

181 2502 206 2550 et
214 2494 317 2550 trichila
327 2495 479 2552 umbriferis
488 2495 584 2572 frigida
594 2497 786 2557 arundInibus.

144 2573 193 2633 Est
202 2579 240 2641 et,
249 2569 382 2631 Maenalia
391 2589 460 2643 uuae
468 2572 631 2644 {exantlata
638 2573 690 2627 sub
701 2581 788 2642 antro,

80 2664 111 2711 10
184 2653 292 2714 rustica
300 2645 721 2725 caementatumueam,
