1846 3052
322 154 371 207 “0
489 158 519 203 P.
539 156 708 202 VIRGILII
724 156 905 212 mahoms

358 257 462 331 prensis
472 255 568 312 videbo
577 254 718 323 altaribu33

321 333 421 388 ssavum
430 347 511 403 pmpe
521 329 651 402 Thybrim
661 337 686 385 05
697 329 797 386 olentes
808 331 922 387 nautica

358 423 464 463 vocare:
485 404 533 459 uhi
542 403 670 476 appulsae
679 412 747 460 rates

267 493 292 536 25
320 488 390 537 stant
401 481 428 535 in
439 478 514 535 radis
523 495 604 534 coeno
614 486 726 534 retentae
734 479 852 547 sordido,

358 552 729 626 macraqueluctantesaqua:

322 648 339 684 n
375 646 409 685 ue
418 628 446 683 in
459 626 586 694 culinam,
599 636 624 682 05
633 635 712 684 uncta
722 629 884 701 compitalia,

377 720 493 775 apesque
503 701 583 757 ducas
593 702 726 759 sordidas:

321 777 421 850 quibus
431 776 545 848 repletus
556 784 586 831 ut
594 776 716 833 aalivosie
728 778 816 850 aquis,

266 862 292 905 50
357 851 464 907 obesam
474 850 507 905 ad
520 868 631 906 uxorem
641 852 720 916 redis,

319 934 345 981 05
354 932 501 982 aestuantes
510 925 583 981 docte
593 925 675 982 solvis
685 928 812 999 pantices,

358 1019 388 1057 os
397 1017 484 1073 usque
495 998 591 1055 lambis
602 1001 694 1056 savhe.

320 1076 399 1132 Nunc
408 1075 489 1140 laede,
502 1092 574 1130 nunc
584 1073 689 1141 lacease,
701 1076 725 1130 si
734 1075 886 1149 quidquam
897 1095 922 1132 aa

358 1158 383 1204 et
392 1167 488 1206 nomen
498 1149 619 1206 adscribo
628 1157 716 1206 tuum.

266 1233 291 1277 55
320 1223 435 1280 Cinaede
443 1224 519 1288 Luci,
531 1225 773 1297 antereliquerunt
781 1225 865 1297 opes?

356 1297 479 1371 fameque
488 1299 598 1372 genuini
608 1299 731 1372 crepant?

319 1373 420 1429 Videho
430 1374 569 1429 habentem
579 1380 680 1445 praeter
689 1374 799 1448 ignavos
813 1375 881 1430 nihil

356 1446 448 1504 fratres
457 1455 482 1503 et
492 1448 588 1503 iratum
598 1449 695 1514 Iovem,

319 1522 486 1594 scissumque
495 1529 622 1587 ventrem,
634 1530 660 1576 et
668 1523 784 1580 herniosi
794 1526 883 1596 patrui

264 1603 290 1649 40
355 1597 436 1668 pedes
447 1597 533 1652 inedia
543 1596 674 1672 turgidos.

513 1737 534 1776 ὓ.
559 1735 606 1776 ΑΙ)
631 1733 817 1777 VENEREM.

319 1812 353 1876 Si
363 1822 431 1876 mihi
443 1831 596 1895 susceptum
607 1825 684 1880 fuerit
694 1824 831 1879 decurrere
841 1842 922 1883 mum

354 1912 371 1951 0
380 1897 497 1968 Paphon,
508 1915 524 1952 0
533 1899 608 1953 sedes
618 1917 687 1972 quae
696 1898 760 1953 colis
771 1898 878 1965 idalias,

317 1972 412 2027 Troius
424 1971 525 2027 Aeneas
537 1974 654 2028 Romana
665 1991 711 2045 per
720 1973 817 2044 oppida
827 1974 913 2046 digno

355 2047 408 2101 iam
418 2047 525 2102 tandem
535 2054 566 2102 ui
574 2055 661 2103 tecum
671 2048 787 2102 carmine
796 2056 891 2103 vectus
901 2067 922 2104 er

262 2131 274 2174 5
316 2138 370 2176 non
379 2139 428 2195 ego
437 2129 494 2176 ture
504 2122 591 2187 mcdc,
603 2130 649 2178 aut
661 2123 729 2193 picta
739 2123 896 2193 tua'templa
907 2132 922 2179 5

353 2197 461 2261 ornabo,
473 2205 498 2252 05
507 2198 581 2268 puris
591 2204 658 2251 serta
668 2196 750 2251 feram
760 2197 904 2254 manibus:

315 2270 435 2342 corniger
444 2271 492 2325 hos
501 2273 569 2327 aries
579 2271 703 2337 humiles,
716 2278 741 2325 et
749 2271 867 2325 maxima
880 2283 922 2328 tau

353 2344 460 2400 victima
469 2348 587 2402 sacratos'
593 2347 676 2420 tinget
684 2346 782 2401 honore
792 2344 878 2401 focos:

316 2433 532 2493 marmoreusquc
542 2421 599 2486 tibi,
613 2423 674 2486 Dea,
690 2419 919 2477 versicoloribusa

262 2503 287 2546 5ο
354 2493 381 2548 in
391 2511 491 2549 morem
502 2496 569 2565 picta
580 2496 659 2550 stabit
671 2495 753 2551 Amor
762 2495 897 2567 pharetra.

314 2570 408 2639 AdsiS,
419 2569 589 2648 cssyhhcreah
604 2570 803 2625 charimerem
816 2570 922 2643 Olymn

352 2645 797 2712 etSurrenanahmhcmma.
