1846 3052
202 150 399 199 autumnos
418 153 487 199 mu.
507 152 540 200 V.
691 112 742 203 205

92 250 175 306 adona
185 252 255 305 iube.
289 253 382 308 Cuncti
392 252 473 308 simul
482 271 526 308 ore
534 251 680 308 fremebant
757 265 795 307 335

92 326 176 390 udae,
188 325 315 398 reddique
323 328 379 382 viro
387 328 517 399 promissa
526 327 661 383 iubebant.

92 401 145 457 avis
154 399 288 454 Entellum
299 401 376 456 dictis
384 403 492 475 castigat
501 402 614 466 Acestes,

92 492 139 530 rus
149 482 179 529 ut
191 474 321 530 viridante
330 483 386 531 toro
395 477 545 531 consederat
554 476 663 531 herbae:

92 567 114 613 a,
124 549 233 603 heroum
248 550 383 620 quondam
392 549 532 605 fortissime
541 549 645 616 frustra,

92 631 165 678 etam
176 624 277 694 patiens
286 624 360 678 nullo
369 626 508 679 certamine
518 624 573 678 tolli
755 635 794 678 3⁹0

92 696 168 753 ines‘?
187 698 236 753 Ubi
246 715 318 753 nunc
327 699 404 754 nobis
413 699 479 754 deus
489 699 535 754 ille
543 698 668 772 magister

92 772 180 844 {quam
192 781 352 828 memoratus
360 773 453 847 Eryx?
465 773 512 829 ubi
521 771 590 828 fama
594 789 752 844 peromnem

92 847 168 912 riam,
180 854 205 901 et
214 847 297 918 spolia
307 847 352 902 illa
361 848 414 903 tuis
423 847 561 919 pendentia
570 845 661 902 tectis?

93 922 192 977 ohaec:
213 923 272 977 Non
282 921 368 976 laudis
378 939 464 986 amor,
476 940 523 977 nec
530 922 614 996 gloria
623 921 699 987 cessit

93 1004 171 1060 netu3
192 997 318 1050 sedenim
328 996 432 1069 gelidus
441 997 558 1052 tardante
567 1005 669 1051 senecta
755 1005 794 1048 est

95 1071 206 1135 shebet,
218 1069 366 1143 frigentque
375 1071 463 1126 effetae
474 1072 501 1126 in
511 1087 617 1142 corpore
625 1071 701 1125 viras.

93 1145 330 1216 ,iquaequondam
340 1145 688 1217 fuerat,quaqueimprobus
698 1144 747 1198 iste

93 1227 113 1274 rt
123 1220 219 1281 fidens,
231 1220 254 1274 si
264 1237 336 1275 nunc
344 1219 408 1274 soret
417 1220 461 1274 illa
471 1221 605 1274 inventas:

93 1293 203 1366 quidem
213 1295 294 1366 pretio
304 1293 428 1349 inductus
437 1293 600 1365 pulchroque
609 1293 719 1348 iuvenco

93 1386 146 1436 em;
168 1367 398 1424 necdonamoror.
428 1369 472 1423 Sic
480 1367 575 1423 deinde
584 1366 686 1422 locutus
752 1375 792 1419 tto

93 1443 154 1498 tium
162 1444 282 1516 geminos
292 1443 402 1498 immani
411 1442 525 1514 pondere
533 1449 619 1497 cestus

97 1525 118 1583 t,
128 1519 227 1589 quibus
238 1535 296 1573 acer
305 1519 379 1592 Eryx
389 1517 416 1573 in
427 1516 524 1588 proelia
533 1523 624 1572 suetus

93 1610 199 1657 nanum,
213 1592 334 1664 duroque
343 1593 475 1647 intendere
483 1591 590 1647 brachia
598 1598 680 1663 tergo.

93 1683 163 1723 >uere
173 1666 269 1723 animi:
292 1675 422 1722 tantorum
433 1666 658 1740 ingentiaseptem

93 1759 160 1797 oum
170 1740 280 1813 plumbo
290 1742 378 1796 insuto
387 1740 507 1814 ferroque
516 1740 645 1814 rigebant.
753 1743 792 1790 tos

93 1833 165 1871 mnes
175 1823 261 1887 stupet
270 1816 326 1887 ipso
335 1818 427 1882 Dares,
439 1816 570 1890 longeque
581 1819 698 1879 recusat;

95 1891 237 1962 nimusqus
249 1890 419 1945 Anchisiades
428 1898 453 1944 et
461 1890 566 1961 pondus
575 1888 665 1958 etipsa

93 1983 124 2021 uc
132 1965 279 2020 vinclorum
290 1965 419 2020 immensa
430 1965 565 2021 volumina
575 1967 671 2017 versat.

93 2040 162 2095 enior
171 2039 235 2094 tales
245 2037 369 2094 referebat
378 2046 479 2111 pectore
488 2054 577 2091 voces:

95 2114 119 2169 si
128 2114 189 2186 quis
199 2121 285 2168 cestus
294 2115 379 2184 ipsius
391 2111 543 2168 etHerculis
552 2125 625 2165 arma
752 2114 791 2159 tto

93 2197 120 2254 t,
130 2189 285 2260 tristemque
294 2188 344 2242 hoc
356 2189 413 2258 ipso
423 2187 450 2240 in
460 2185 536 2240 litore
544 2180 681 2256 pugnam?

93 2280 215 2319 armanus
223 2263 298 2336 Eryx
307 2262 442 2335 quondam
450 2268 514 2314 tuus
523 2275 596 2313 arma
604 2255 716 2330 gerebm

93 2340 132 2393 ine
140 2337 225 2393 cernis
233 2337 320 2391 adhuc
328 2335 461 2407 tractoque
469 2332 563 2389 insecta
571 2331 684 2387 cerebro.

94 2429 183 2486 ignum
192 2411 300 2466 Alciden
309 2417 398 2466 contra
409 2409 492 2477 stetit;
513 2409 615 2481 hisego
625 2413 725 2468 suetus,

94 2487 166 2542 relior
174 2487 243 2542 vires
253 2485 362 2559 sanguis
373 2484 463 2544 dabat,
474 2481 579 2538 aemula
588 2479 701 2536 necdum
752 2482 791 2530 tta

94 2562 161 2617 ibus
170 2561 285 2636 geminis
294 2560 403 2615 canebat
411 2576 503 2630 sparsa
512 2563 641 2612 senectus.

100 2643 190 2692 nostra
197 2637 278 2691 Daras
286 2635 352 2692 daec
362 2635 457 2693 Troius
467 2651 543 2691 arma
551 2634 669 2695 recusat·
