1846 3052
133 148 181 202 166
296 153 327 200 Ρ.
347 149 519 198 VIRGILII
535 148 711 195 unuouts

131 252 208 309 Haud
217 252 307 307 minus
318 267 348 305 ac
360 249 426 304 iussi
435 247 548 317 laciunt;
568 248 729 321 primusque
737 247 835 305 rudent!

132 327 255 382 contorsit
265 324 351 380 laevas
361 341 467 396 proram
477 323 618 378 Palinurus
627 322 661 378 ad
672 323 783 395 undem!

131 401 232 455 laevam
240 407 334 455 cuncta
343 399 435 454 cohors
445 399 525 453 remis
534 399 676 470 ventisque
685 398 782 471 petivit.

132 473 262 530 Tollimur
271 475 299 529 in
310 472 411 529 coelum
421 480 528 529 curvato
536 472 651 546 gurgite,
663 480 690 528 et
699 473 768 530 idern

78 560 116 603 555
130 549 261 605 subducta
270 549 304 604 ad
313 550 403 604 Manes
413 548 480 603 imos
489 547 635 601 desidimus
644 547 730 603 unda.

133 625 182 678 Ter
191 623 293 695 scopuli
303 623 443 677 clamorem
454 622 521 676 inter
531 639 594 676 cava
605 639 671 676 saxa
680 622 783 691 dedere3

132 708 171 752 ter
180 715 303 769 spumam
315 697 406 751 elisam
417 703 442 750 et
451 696 563 751 rorantia
572 696 693 751 vidimus
703 702 792 773 astra.)

132 774 232 827 Interea
241 770 324 826 fessos
334 779 427 824 ventus
436 787 498 825 eum
508 770 563 825 sole
573 769 692 842 reliquit,

132 847 272 919 ignarique
281 847 339 901 viae
348 845 494 919 Cyclopum
504 844 645 900 allabimur
654 845 720 901 orie.

79 931 118 974 5to
131 922 225 975 Portus
235 920 268 975 ab
279 936 384 974 accessu
395 927 534 974 ventorum
546 921 685 985 immotus,
698 927 724 975 et
733 920 816 994 ingere

133 996 202 1067 ipse,
224 994 270 1048 sed
282 994 411 1048 horrificis
421 994 495 1048 iuxta
507 993 669 1049 tonatAetna
677 994 771 1060 minis,

132 1069 320 1140 interdumque
329 1076 412 1122 atram
422 1069 571 1139 prorumpit
579 1068 613 1123 ad
623 1068 826 1131 corberannum,

132 1144 238 1200 turbine
245 1142 390 1199 fumantem
400 1143 473 1214 piceo
481 1149 507 1198 et
515 1141 641 1198 candente
649 1142 754 1213 favilla3

133 1218 279 1290 attollitque
287 1218 379 1292 globos
389 1217 565 1282 flammarum,
576 1224 603 1272 et
611 1216 699 1273 sidera
709 1218 807 1273 lambit:

79 1305 118 1348 575
134 1294 266 1348 interdum
276 1292 397 1364 scopulos
406 1291 552 1364 avulsaque
560 1292 662 1348 viscera
672 1293 769 1348 montis

133 1368 348 1442 erigit'eruotans,
361 1365 553 1438 liquefactaque
561 1384 625 1422 saxa
635 1367 688 1422 sub
698 1385 774 1424 auras

133 1459 195 1497 cum
204 1443 304 1515 gemitu
314 1441 449 1514 glomerat,
462 1440 598 1513 fundoque
606 1448 743 1497 exaestuat
752 1442 807 1497 imo.

133 1517 214 1571 Fama
224 1524 271 1579 est,
284 1516 408 1571 Enceladi
418 1516 576 1571 semiustum
585 1514 700 1572 fulmine
707 1533 798 1588 corpus

134 1591 222 1663 urgeri
232 1591 301 1644 mole
310 1591 367 1655 hec,
381 1591 567 1663 ingentemque
575 1590 687 1661 insuper
694 1591 800 1647 Aetnam

81 1676 120 1718 580
134 1663 283 1734 impositam
294 1665 379 1735 ruptis
391 1663 526 1719 flammam
536 1664 670 1735 exspirare
679 1666 807 1733 caminizi

134 1746 160 1793 et
168 1737 268 1792 fessum
277 1740 379 1808 quoties
390 1746 474 1794 mutet
482 1738 559 1803 letus,
571 1738 711 1795 intremere
719 1754 815 1796 omnen

134 1828 272 1867 murmure
282 1812 452 1880 Trinacriam,
463 1820 489 1867 et
496 1811 597 1868 coelum
607 1813 749 1871 subtexere
756 1814 824 1869 tuno.

135 1888 242 1942 Noctem
255 1886 327 1941 illam
337 1889 396 1942 tecti
406 1887 483 1943 silvis
494 1887 621 1943 immania
631 1896 750 1945 monstra

135 1960 300 2032 perferimus,
309 1979 364 2027 nec,
377 1980 445 2035 quae
454 1964 571 2017 sonitum
580 1961 624 2017 det
632 1979 738 2029 caussa,
745 1962 835 2019 viderat

82 2047 120 2090 585
134 2038 201 2093 Nam
213 2044 520 2109 nequeerantastrorum
531 2032 835 2110 geometricorum

136 2111 236 2166 siderea
247 2111 333 2183 polus,
345 2112 458 2167 obscuro
469 2111 516 2166 sed
526 2110 619 2167 nubila
627 2110 709 2178 coelo,

137 2194 162 2240 et
171 2187 274 2241 Lunam
285 2187 313 2241 in
323 2186 415 2241 nimbo
425 2204 478 2241 nox
487 2187 643 2257 intempesta
652 2184 768 2242 tenebat.

173 2261 276 2315 Postera
288 2262 394 2333 iamque
404 2260 460 2316 dies
470 2261 556 2332 primo
565 2260 692 2334 surgebat
699 2260 765 2325 Eoo,

136 2333 344 2406 humentemque
352 2336 453 2390 Aurora
463 2334 523 2406 polo
533 2335 680 2391 dimoverat
690 2335 822 2399 umbram

83 2417 122 2460 tto
136 2424 222 2479 quum
230 2409 318 2463 subito
328 2426 342 2463 e
352 2409 437 2475 silvis,
449 2410 532 2464 macie
541 2408 655 2465 conlecta
665 2426 798 2482 suprema,

138 2482 220 2554 ignoti
232 2499 299 2536 nova
309 2481 393 2539 forma
404 2485 455 2540 viri
465 2484 670 2556 miserandaque
677 2484 754 2541 cultu

138 2555 262 2627 procedit,
274 2557 441 2630 supplexque
451 2576 546 2615 manus
557 2559 590 2613 ad
600 2557 676 2615 litora
685 2558 777 2615 ondit
790 2574 799 2619 l

138 2630 313 2703 Respicimus.
344 2633 406 2689 Dira
415 2632 529 2700 illuvies,
541 2632 716 2708 immissaque
724 2632 814 2697 barbe,
