1846 3052
102 138 319 203 *nnnnlnos
337 158 406 203 mn.
425 158 460 203 11.
613 153 662 207 ⁴25

102 273 144 310 aus
156 255 278 312 iuvenem
296 257 393 313 interea
406 264 466 329 post
478 264 549 331 terga
564 276 606 314 re-

408 333 529 388 vinctum

103 421 140 465 no
149 404 280 478 adragem
289 403 402 461 clamore
411 406 548 462 trahebant

103 479 150 551 qui
162 496 191 534 so
200 479 321 553 ignotum
330 481 498 537 venientibus
507 481 585 548 ultro,

103 561 234 620 moueret,
246 554 404 627 Troiamque
413 556 523 628 aperiret
531 555 649 623 thivis,
689 568 714 612 tt

103 646 150 683 ens
159 629 251 693 animi,
263 637 342 701 atqua
350 630 378 686 in
388 639 533 703 utrumque
540 639 656 704 paratus,

103 702 172 769 [olos,
184 721 232 758 seu
241 705 488 760 nartaooaoumbara
497 707 584 763 motti.
601 720 657 804 71-

103 778 155 833 andi
163 776 252 833 studio
261 779 372 834 Troiana
382 780 506 836 iuventus

104 853 148 914 nit.
159 861 312 925 certantque
321 843 433 911 ilfaiflss'r'e'
440 852 525 927 oapto.

104 928 222 984 Danaam
233 929 352 993 insidias,
363 937 389 984 et
398 929 509 988 crimina
518 931 552 988 ab
561 948 616 987 uno
688 943 713 986 ts

104 1086 237 1148 tonspootu
248 1076 275 1132 in
286 1078 381 1144 medio,
393 1079 521 1145 turbatus,
532 1080 641 1135 inarmis

104 1169 136 1207 uo
147 1151 232 1207 oculis
241 1152 356 1228 Phrygia
370 1155 476 1228 agmina
490 1153 603 1210 circum·

408 1229 508 1300 spexit:

104 1299 241 1367 metellus,
253 1302 349 1374 inquit,
360 1320 428 1375 quao
438 1321 481 1358 ma
489 1320 600 1376 aequora

408 1386 519 1448 possunt

105 1459 113 1505 t
122 1451 186 1521 quid
199 1452 251 1504 iam
261 1452 357 1506 misem
366 1453 433 1506 mihi
444 1452 558 1524 deniqne
569 1458 655 1518 restat,
686 1464 713 1506 to

105 1525 135 1580 ad
146 1526 247 1583 Danaos
256 1543 371 1599 usquam
382 1527 464 1592 loous,
477 1533 502 1582 ot
511 1544 591 1599 super
598 1528 651 1599 ipsi

105 1598 183 1655 afonsi
193 1617 290 1671 poenas
300 1618 361 1656 oum
372 1602 502 1676 sanguino
510 1602 640 1674 poscunt?

105 1676 213 1729 navensi
224 1676 316 1741 animi,
330 1693 496 1749 compressus
504 1685 530 1732 at
539 1679 627 1734 omnis

105 1758 203 1805 rtamnr
211 1748 269 1815 fari,
282 1753 476 1825 quoaangua'ne
484 1760 581 1818 cretam,

123 1832 257 1890 memoret,
269 1843 338 1898 quae
346 1827 485 1882 sittiduoia
494 1834 578 1899 napta.
686 1837 712 1880 75

106 1899 172 1953 osita
182 1899 286 1955 tandem
297 1900 446 1966 formidine,
458 1901 541 1957 fatur:

106 1973 184 2029 adam
194 1974 252 2039 tibi,
264 1991 319 2041 rex,
335 1975 412 2030 fuerit
422 1976 608 2048 quodcunque,

405 2049 505 2105 fatebor

122 2140 207 2193 noque
218 2141 262 2177 me
270 2123 390 2197 Argolica
400 2126 432 2179 de
441 2131 519 2198 genta
527 2124 641 2197 nagab03

128 2214 183 2261 nac,
198 2197 221 2251 si
232 2198 359 2253 miserum
369 2200 484 2254 Fortuna
493 2197 618 2254 Sinonem

107 2272 201 2325 aetiam
212 2272 416 2344 mendacemque
426 2273 545 2344 improba
555 2273 645 2349 finget.
686 2285 711 2326 at

107 2345 154 2399 dsi
167 2346 231 2399 torto
240 2356 298 2402 tuas
307 2349 425 2419 pervenit
435 2348 553 2423 adaunot

107 2438 123 2474 n
134 2420 289 2487 Palamedis,
302 2430 326 2476 et
336 2421 433 2478 incluta
443 2422 513 2479 fama

111 2493 177 2550 falsa
187 2495 238 2549 sub
248 2497 394 2567 proditione
402 2497 513 2571 Pelasgi,

107 2570 176 2624 'ando
185 2570 290 2635 indicio,
302 2573 365 2644 quia
377 2572 445 2627 bolla
455 2573 566 2636 vetabat,

107 2663 123 2710 .;
145 2647 441 2706 nunccassumlumine
454 2647 561 2726 lugent,
685 2656 715 2701 at
