<?xml version="1.0" encoding="UTF-8"?>
<!DOCTYPE html PUBLIC "-//W3C//DTD XHTML 1.0 Transitional//EN"
    "http://www.w3.org/TR/xhtml1/DTD/xhtml1-transitional.dtd">
<html xmlns="http://www.w3.org/1999/xhtml" xml:lang="en" lang="en">
 <head>
  <title>
</title>
<meta http-equiv="Content-Type" content="text/html;charset=utf-8" />
  <meta name='ocr-system' content='tesseract 3.04.00' />
  <meta name='ocr-capabilities' content='ocr_page ocr_carea ocr_par ocr_line ocrx_word'/>
</head>
<body>
  <div class='ocr_page' id='page_1' title='image "./publivergilimar00virggoog/publivergilimar00virggoog_0448.png"; bbox 0 0 1846 3052; ppageno 0'>
   <div class='ocr_carea' id='block_1_1' title="bbox 370 164 808 217">
    <p class='ocr_par' dir='ltr' id='par_1_1' title="bbox 370 164 808 217">
     <span class='ocr_line' id='line_1_1' title="bbox 370 164 808 217; baseline 0.011 -5"><span class='ocrx_word' id='word_1_1' title='bbox 370 165 498 213; x_wconf 73' lang='lat' dir='ltr'><strong>onus.</strong></span> <span class='ocrx_word' id='word_1_2' title='bbox 760 164 808 217; x_wconf 82' lang='lat' dir='ltr'><strong>l33</strong></span> 
     </span>
    </p>
   </div>
   <div class='ocr_carea' id='block_1_2' title="bbox 59 262 865 423">
    <p class='ocr_par' dir='ltr' id='par_1_2' title="bbox 59 262 865 423">
     <span class='ocr_line' id='line_1_2' title="bbox 64 262 812 338; baseline 0.007 -18"><span class='ocrx_word' id='word_1_3' title='bbox 64 281 120 321; x_wconf 92' lang='lat' dir='ltr'><strong>non</strong></span> <span class='ocrx_word' id='word_1_4' title='bbox 131 263 223 319; x_wconf 85' lang='lat' dir='ltr'><strong>minus</strong></span> <span class='ocrx_word' id='word_1_5' title='bbox 232 262 278 318; x_wconf 87' lang='lat' dir='ltr'><strong>illa</strong></span> <span class='ocrx_word' id='word_1_6' title='bbox 288 271 375 320; x_wconf 89' lang='lat' dir='ltr'><strong>tamen</strong></span> <span class='ocrx_word' id='word_1_7' title='bbox 388 264 565 338; x_wconf 79' lang='lat' dir='ltr'><strong>revehi,qucd</strong></span> <span class='ocrx_word' id='word_1_8' title='bbox 575 267 679 322; x_wconf 89' lang='lat' dir='ltr'><strong>moenia</strong></span> <span class='ocrx_word' id='word_1_9' title='bbox 688 277 812 335; x_wconf 85' lang='lat' dir='ltr'><strong>crescant,</strong></span> 
     </span>
     <span class='ocr_line' id='line_1_3' title="bbox 59 339 865 423; baseline 0.006 -29"><span class='ocrx_word' id='word_1_10' title='bbox 59 339 193 423; x_wconf 52' lang='lat' dir='ltr'><strong>gaudeam</strong></span> <span class='ocrx_word' id='word_1_11' title='bbox 214 339 720 413; x_wconf 85' lang='lat' dir='ltr'><strong>etcineripatriaestiucundasepultc.</strong></span> <span class='ocrx_word' id='word_1_12' title='bbox 826 355 865 399; x_wconf 77' lang='lat'><strong>385</strong></span> 
     </span>
    </p>
   </div>
   <div class='ocr_carea' id='block_1_3' title="bbox 63 412 864 1007">
    <p class='ocr_par' dir='ltr' id='par_1_3' title="bbox 63 412 864 1007">
     <span class='ocr_line' id='line_1_4' title="bbox 102 412 735 488; baseline 0.002 -19"><span class='ocrx_word' id='word_1_13' title='bbox 102 412 175 486; x_wconf 79' lang='lat' dir='ltr'><strong>Ergo</strong></span> <span class='ocrx_word' id='word_1_14' title='bbox 184 420 257 469; x_wconf 88' lang='lat' dir='ltr'><strong>metu</strong></span> <span class='ocrx_word' id='word_1_15' title='bbox 267 413 345 486; x_wconf 86' lang='lat' dir='ltr'><strong>capiti</strong></span> <span class='ocrx_word' id='word_1_16' title='bbox 356 414 443 488; x_wconf 81' lang='lat' dir='ltr'><strong>Scylla</strong></span> <span class='ocrx_word' id='word_1_17' title='bbox 454 422 493 469; x_wconf 86' lang='lat' dir='ltr'><strong>est</strong></span> <span class='ocrx_word' id='word_1_18' title='bbox 503 416 609 471; x_wconf 81' lang='lat' dir='ltr'><strong>inimica</strong></span> <span class='ocrx_word' id='word_1_19' title='bbox 618 424 735 487; x_wconf 70' lang='lat' dir='ltr'><strong>paterno,</strong></span> 
     </span>
     <span class='ocr_line' id='line_1_5' title="bbox 64 487 688 546; baseline 0.002 -1"><span class='ocrx_word' id='word_1_20' title='bbox 64 488 136 545; x_wconf 85' lang='lat' dir='ltr'><strong>Tum</strong></span> <span class='ocrx_word' id='word_1_21' title='bbox 147 504 221 543; x_wconf 87' lang='lat' dir='ltr'><strong>coma</strong></span> <span class='ocrx_word' id='word_1_22' title='bbox 231 487 339 543; x_wconf 90' lang='lat' dir='ltr'><strong>Sidonio</strong></span> <span class='ocrx_word' id='word_1_23' title='bbox 347 487 442 544; x_wconf 78' lang='lat' dir='ltr'><strong>florens</strong></span> <span class='ocrx_word' id='word_1_24' title='bbox 452 488 595 544; x_wconf 77' lang='lat' dir='ltr'><strong>succiditur</strong></span> <span class='ocrx_word' id='word_1_25' title='bbox 604 499 688 546; x_wconf 86' lang='lat' dir='ltr'><strong>ostro:</strong></span> 
     </span>
     <span class='ocr_line' id='line_1_6' title="bbox 63 562 803 638; baseline 0.001 -19"><span class='ocrx_word' id='word_1_26' title='bbox 63 570 125 619; x_wconf 85' lang='lat' dir='ltr'><strong>tum</strong></span> <span class='ocrx_word' id='word_1_27' title='bbox 134 562 237 634; x_wconf 86' lang='lat' dir='ltr'><strong>capitur</strong></span> <span class='ocrx_word' id='word_1_28' title='bbox 245 563 359 636; x_wconf 81' lang='lat' dir='ltr'>Megara,</span> <span class='ocrx_word' id='word_1_29' title='bbox 374 570 399 618; x_wconf 91' lang='lat' dir='ltr'><strong>et</strong></span> <span class='ocrx_word' id='word_1_30' title='bbox 408 563 505 620; x_wconf 86' lang='lat' dir='ltr'><strong>Divltrn</strong></span> <span class='ocrx_word' id='word_1_31' title='bbox 515 580 639 636; x_wconf 83' lang='lat' dir='ltr'><strong>responsa</strong></span> <span class='ocrx_word' id='word_1_32' title='bbox 648 566 803 638; x_wconf 88' lang='lat' dir='ltr'><strong>probantur;</strong></span> 
     </span>
     <span class='ocr_line' id='line_1_7' title="bbox 65 637 641 708; baseline -0.002 -15"><span class='ocrx_word' id='word_1_33' title='bbox 65 644 266 708; x_wconf 83' lang='lat' dir='ltr'><strong>tumauspensa</strong></span> <span class='ocrx_word' id='word_1_34' title='bbox 276 653 345 692; x_wconf 83' lang='lat' dir='ltr'><strong>novo</strong></span> <span class='ocrx_word' id='word_1_35' title='bbox 354 637 407 692; x_wconf 85' lang='lat' dir='ltr'><strong>ritu</strong></span> <span class='ocrx_word' id='word_1_36' title='bbox 417 637 450 691; x_wconf 90' lang='lat' dir='ltr'><strong>de</strong></span> <span class='ocrx_word' id='word_1_37' title='bbox 458 638 572 693; x_wconf 85' lang='lat' dir='ltr'><strong>navibus</strong></span> <span class='ocrx_word' id='word_1_38' title='bbox 581 637 641 693; x_wconf 88' lang='lat' dir='ltr'><strong>altis</strong></span> 
     </span>
     <span class='ocr_line' id='line_1_8' title="bbox 64 709 864 787; baseline 0.003 -20"><span class='ocrx_word' id='word_1_39' title='bbox 64 727 197 787; x_wconf 80' lang='lat' dir='ltr'><strong>permare</strong></span> <span class='ocrx_word' id='word_1_40' title='bbox 208 709 359 766; x_wconf 58' lang='lat' dir='ltr'><strong>ceruleum</strong></span> <span class='ocrx_word' id='word_1_41' title='bbox 367 712 481 766; x_wconf 88' lang='lat' dir='ltr'><strong>trahitur</strong></span> <span class='ocrx_word' id='word_1_42' title='bbox 489 712 577 768; x_wconf 81' lang='lat' dir='ltr'><strong>Niseia</strong></span> <span class='ocrx_word' id='word_1_43' title='bbox 590 714 675 787; x_wconf 83' lang='lat' dir='ltr'><strong>virgo.</strong></span> <span class='ocrx_word' id='word_1_44' title='bbox 825 726 864 769; x_wconf 76' lang='lat' dir='ltr'><strong>eoo</strong></span> 
     </span>
     <span class='ocr_line' id='line_1_9' title="bbox 67 784 742 860; baseline 0 -17"><span class='ocrx_word' id='word_1_45' title='bbox 67 785 225 857; x_wconf 74' lang='lat' dir='ltr'><strong>Complures</strong></span> <span class='ocrx_word' id='word_1_46' title='bbox 235 784 309 840; x_wconf 91' lang='lat' dir='ltr'><strong>illam</strong></span> <span class='ocrx_word' id='word_1_47' title='bbox 318 786 459 860; x_wconf 80' lang='lat' dir='ltr'>Nymphae</span> <span class='ocrx_word' id='word_1_48' title='bbox 467 786 597 842; x_wconf 88' lang='lat' dir='ltr'><strong>mirantur</strong></span> <span class='ocrx_word' id='word_1_49' title='bbox 609 787 637 843; x_wconf 90' lang='lat' dir='ltr'><strong>in</strong></span> <span class='ocrx_word' id='word_1_50' title='bbox 647 787 742 858; x_wconf 81' lang='lat' dir='ltr'><strong>undie3</strong></span> 
     </span>
     <span class='ocr_line' id='line_1_10' title="bbox 66 859 679 936; baseline 0 -19"><span class='ocrx_word' id='word_1_51' title='bbox 66 861 181 917; x_wconf 86' lang='lat' dir='ltr'><strong>miratur</strong></span> <span class='ocrx_word' id='word_1_52' title='bbox 189 866 263 931; x_wconf 88' lang='lat' dir='ltr'><strong>pater</strong></span> <span class='ocrx_word' id='word_1_53' title='bbox 272 859 401 926; x_wconf 80' lang='lat' dir='ltr'><strong>Oceanus,</strong></span> <span class='ocrx_word' id='word_1_54' title='bbox 415 868 441 915; x_wconf 86' lang='lat' dir='ltr'><strong>et</strong></span> <span class='ocrx_word' id='word_1_55' title='bbox 449 860 562 916; x_wconf 86' lang='lat' dir='ltr'><strong>candida</strong></span> <span class='ocrx_word' id='word_1_56' title='bbox 570 861 679 936; x_wconf 78' lang='lat' dir='ltr'>Tethys,</span> 
     </span>
     <span class='ocr_line' id='line_1_11' title="bbox 66 934 667 1007; baseline 0.002 -16"><span class='ocrx_word' id='word_1_57' title='bbox 66 934 210 1007; x_wconf 83' lang='lat' dir='ltr'><strong>etcupidas</strong></span> <span class='ocrx_word' id='word_1_58' title='bbox 219 951 309 990; x_wconf 84' lang='lat' dir='ltr'><strong>aecum</strong></span> <span class='ocrx_word' id='word_1_59' title='bbox 319 935 423 1006; x_wconf 84' lang='lat' dir='ltr'><strong>rapiens</strong></span> <span class='ocrx_word' id='word_1_60' title='bbox 433 934 539 992; x_wconf 84' lang='lat' dir='ltr'><strong>Galatea</strong></span> <span class='ocrx_word' id='word_1_61' title='bbox 551 953 667 1006; x_wconf 81' lang='lat' dir='ltr'><strong>sorores3</strong></span> 
     </span>
    </p>
   </div>
   <div class='ocr_carea' id='block_1_4' title="bbox 10 1008 864 1158">
    <p class='ocr_par' dir='ltr' id='par_1_4' title="bbox 10 1008 864 1158">
     <span class='ocr_line' id='line_1_12' title="bbox 10 1008 783 1084; baseline 0.001 -19"><span class='ocrx_word' id='word_1_62' title='bbox 10 1052 13 1057; x_wconf 87' lang='lat'>.</span> <span class='ocrx_word' id='word_1_63' title='bbox 68 1008 215 1074; x_wconf 75' lang='lat' dir='ltr'><strong>diocliam,</strong></span> <span class='ocrx_word' id='word_1_64' title='bbox 228 1009 325 1064; x_wconf 88' lang='lat' dir='ltr'><strong>iunctis</strong></span> <span class='ocrx_word' id='word_1_65' title='bbox 334 1026 463 1084; x_wconf 83' lang='lat' dir='ltr'><strong>magnum</strong></span> <span class='ocrx_word' id='word_1_66' title='bbox 475 1027 544 1082; x_wconf 85' lang='lat' dir='ltr'><strong>quae</strong></span> <span class='ocrx_word' id='word_1_67' title='bbox 553 1010 671 1082; x_wconf 85' lang='lat' dir='ltr'><strong>piscibus</strong></span> <span class='ocrx_word' id='word_1_68' title='bbox 685 1028 783 1083; x_wconf 74' lang='lat' dir='ltr'><strong>aequin</strong></span> 
     </span>
     <span class='ocr_line' id='line_1_13' title="bbox 10 1083 864 1158; baseline 0.001 -18"><span class='ocrx_word' id='word_1_69' title='bbox 10 1126 19 1145; x_wconf 86' lang='grc'><strong>.,</strong></span> <span class='ocrx_word' id='word_1_70' title='bbox 67 1092 93 1141; x_wconf 87' lang='lat' dir='ltr'><strong>et</strong></span> <span class='ocrx_word' id='word_1_71' title='bbox 98 1083 200 1158; x_wconf 73' lang='lat' dir='ltr'><strong>glauco</strong></span> <span class='ocrx_word' id='word_1_72' title='bbox 208 1083 336 1155; x_wconf 85' lang='lat' dir='ltr'><strong>bipedum</strong></span> <span class='ocrx_word' id='word_1_73' title='bbox 345 1101 426 1140; x_wconf 89' lang='lat' dir='ltr'><strong>curru</strong></span> <span class='ocrx_word' id='word_1_74' title='bbox 435 1086 541 1140; x_wconf 89' lang='lat' dir='ltr'><strong>metitur</strong></span> <span class='ocrx_word' id='word_1_75' title='bbox 551 1101 690 1156; x_wconf 86' lang='lat' dir='ltr'><strong>equorum,</strong></span> <span class='ocrx_word' id='word_1_76' title='bbox 760 1126 769 1139; x_wconf 88' lang='lat'><em>.</em></span> <span class='ocrx_word' id='word_1_77' title='bbox 825 1098 864 1141; x_wconf 78' lang='lat'><strong>395</strong></span> 
     </span>
    </p>
   </div>
   <div class='ocr_carea' id='block_1_5' title="bbox 10 1227 24 1287">
    <p class='ocr_par' dir='ltr' id='par_1_5' title="bbox 10 1227 24 1287">
     <span class='ocr_line' id='line_1_14' title="bbox 10 1227 24 1287; baseline 0 -10"><span class='ocrx_word' id='word_1_78' title='bbox 10 1227 24 1287; x_wconf 69' lang='lat' dir='ltr'><strong>l</strong></span> 
     </span>
    </p>
   </div>
   <div class='ocr_carea' id='block_1_6' title="bbox 67 1158 864 1529">
    <p class='ocr_par' dir='ltr' id='par_1_6' title="bbox 67 1158 767 1232">
     <span class='ocr_line' id='line_1_15' title="bbox 67 1158 767 1232; baseline 0 -17"><span class='ocrx_word' id='word_1_79' title='bbox 67 1158 223 1224; x_wconf 81' lang='lat' dir='ltr'><strong>Leucothoe,</strong></span> <span class='ocrx_word' id='word_1_80' title='bbox 234 1175 386 1232; x_wconf 86' lang='lat' dir='ltr'><strong>parvusque</strong></span> <span class='ocrx_word' id='word_1_81' title='bbox 394 1161 445 1214; x_wconf 85' lang='lat' dir='ltr'><strong>Dea</strong></span> <span class='ocrx_word' id='word_1_82' title='bbox 455 1176 517 1214; x_wconf 92' lang='lat' dir='ltr'><strong>cum</strong></span> <span class='ocrx_word' id='word_1_83' title='bbox 527 1166 609 1214; x_wconf 89' lang='lat' dir='ltr'><strong>matre</strong></span> <span class='ocrx_word' id='word_1_84' title='bbox 617 1158 767 1215; x_wconf 89' lang='lat' dir='ltr'><strong>Palaemon.</strong></span> 
     </span>
    </p>

    <p class='ocr_par' dir='ltr' id='par_1_7' title="bbox 67 1232 619 1299">
     <span class='ocr_line' id='line_1_16' title="bbox 67 1232 619 1299; baseline -0.004 -8"><span class='ocrx_word' id='word_1_85' title='bbox 67 1232 110 1291; x_wconf 88' lang='lat' dir='ltr'><strong>Illi</strong></span> <span class='ocrx_word' id='word_1_86' title='bbox 119 1234 210 1299; x_wconf 82' lang='lat' dir='ltr'><strong>etiam,</strong></span> <span class='ocrx_word' id='word_1_87' title='bbox 225 1232 337 1289; x_wconf 76' lang='lat' dir='ltr'><strong>alternas</strong></span> <span class='ocrx_word' id='word_1_88' title='bbox 347 1235 430 1289; x_wconf 86' lang='lat' dir='ltr'><strong>sortiti</strong></span> <span class='ocrx_word' id='word_1_89' title='bbox 441 1234 529 1290; x_wconf 88' lang='lat' dir='ltr'><strong>vivore</strong></span> <span class='ocrx_word' id='word_1_90' title='bbox 539 1233 619 1298; x_wconf 80' lang='lat' dir='ltr'><strong>luces,</strong></span> 
     </span>
    </p>

    <p class='ocr_par' dir='ltr' id='par_1_8' title="bbox 68 1307 765 1459">
     <span class='ocr_line' id='line_1_17' title="bbox 68 1307 765 1381; baseline -0.003 -16"><span class='ocrx_word' id='word_1_91' title='bbox 68 1324 128 1365; x_wconf 84' lang='lat' dir='ltr'><strong>cara</strong></span> <span class='ocrx_word' id='word_1_92' title='bbox 138 1308 208 1363; x_wconf 84' lang='lat' dir='ltr'><strong>Iovia</strong></span> <span class='ocrx_word' id='word_1_93' title='bbox 217 1307 329 1374; x_wconf 79' lang='lat' dir='ltr'><strong>soboles,</strong></span> <span class='ocrx_word' id='word_1_94' title='bbox 342 1325 471 1381; x_wconf 83' lang='lat' dir='ltr'><strong>magnum</strong></span> <span class='ocrx_word' id='word_1_95' title='bbox 484 1309 554 1365; x_wconf 88' lang='lat' dir='ltr'><strong>lovis</strong></span> <span class='ocrx_word' id='word_1_96' title='bbox 563 1310 765 1375; x_wconf 80' lang='lat' dir='ltr'><strong>incrementum,</strong></span> 
     </span>
     <span class='ocr_line' id='line_1_18' title="bbox 69 1381 689 1459; baseline -0.003 -20"><span class='ocrx_word' id='word_1_97' title='bbox 69 1381 236 1459; x_wconf 76' lang='lat' dir='ltr'><strong>Tyndaridae</strong></span> <span class='ocrx_word' id='word_1_98' title='bbox 245 1384 336 1440; x_wconf 87' lang='lat' dir='ltr'><strong>niveos</strong></span> <span class='ocrx_word' id='word_1_99' title='bbox 347 1384 476 1439; x_wconf 86' lang='lat' dir='ltr'><strong>mirantur</strong></span> <span class='ocrx_word' id='word_1_100' title='bbox 483 1383 597 1458; x_wconf 82' lang='lat' dir='ltr'><strong>virginis</strong></span> <span class='ocrx_word' id='word_1_101' title='bbox 607 1390 689 1438; x_wconf 83' lang='lat' dir='ltr'><strong>artus.</strong></span> 
     </span>
    </p>

    <p class='ocr_par' dir='ltr' id='par_1_9' title="bbox 68 1456 864 1529">
     <span class='ocr_line' id='line_1_19' title="bbox 68 1456 864 1529; baseline -0.005 -14"><span class='ocrx_word' id='word_1_102' title='bbox 68 1456 121 1515; x_wconf 83' lang='lat' dir='ltr'><strong>liae</strong></span> <span class='ocrx_word' id='word_1_103' title='bbox 132 1457 197 1513; x_wconf 87' lang='lat' dir='ltr'><strong>adeo</strong></span> <span class='ocrx_word' id='word_1_104' title='bbox 208 1474 294 1521; x_wconf 87' lang='lat' dir='ltr'><strong>voces,</strong></span> <span class='ocrx_word' id='word_1_105' title='bbox 307 1466 386 1529; x_wconf 89' lang='lat' dir='ltr'><strong>atque</strong></span> <span class='ocrx_word' id='word_1_106' title='bbox 394 1457 459 1512; x_wconf 87' lang='lat' dir='ltr'><strong>hacc</strong></span> <span class='ocrx_word' id='word_1_107' title='bbox 467 1456 580 1512; x_wconf 85' lang='lat' dir='ltr'><strong>lamenta</strong></span> <span class='ocrx_word' id='word_1_108' title='bbox 589 1475 637 1529; x_wconf 89' lang='lat' dir='ltr'><strong>per</strong></span> <span class='ocrx_word' id='word_1_109' title='bbox 645 1473 723 1512; x_wconf 89' lang='lat' dir='ltr'><strong>auras</strong></span> <span class='ocrx_word' id='word_1_110' title='bbox 825 1466 864 1511; x_wconf 81' lang='lat' dir='ltr'><strong>loo</strong></span> 
     </span>
    </p>
   </div>
   <div class='ocr_carea' id='block_1_7' title="bbox 10 1512 672 1604">
    <p class='ocr_par' dir='ltr' id='par_1_10' title="bbox 10 1512 672 1604">
     <span class='ocr_line' id='line_1_20' title="bbox 10 1512 672 1604; baseline -0.002 -16"><span class='ocrx_word' id='word_1_111' title='bbox 10 1512 37 1597; x_wconf 51' lang='grc' dir='ltr'><strong>ᾖ</strong></span> <span class='ocrx_word' id='word_1_112' title='bbox 68 1530 194 1589; x_wconf 77' lang='lat' dir='ltr'><strong>fluctibus</strong></span> <span class='ocrx_word' id='word_1_113' title='bbox 203 1532 231 1587; x_wconf 90' lang='lat' dir='ltr'><strong>in</strong></span> <span class='ocrx_word' id='word_1_114' title='bbox 245 1532 340 1588; x_wconf 81' lang='lat' dir='ltr'><strong>mediis</strong></span> <span class='ocrx_word' id='word_1_115' title='bbox 350 1538 447 1604; x_wconf 90' lang='lat' dir='ltr'><strong>questu</strong></span> <span class='ocrx_word' id='word_1_116' title='bbox 460 1530 581 1588; x_wconf 84' lang='lat' dir='ltr'><strong>volvebat</strong></span> <span class='ocrx_word' id='word_1_117' title='bbox 590 1533 672 1597; x_wconf 83' lang='lat' dir='ltr'><strong>inani,</strong></span> 
     </span>
    </p>
   </div>
   <div class='ocr_carea' id='block_1_8' title="bbox 17 1612 35 1687">
    <p class='ocr_par' dir='ltr' id='par_1_11' title="bbox 17 1612 35 1687">
     <span class='ocr_line' id='line_1_21' title="bbox 17 1612 35 1687; baseline 0 0"><span class='ocrx_word' id='word_1_118' title='bbox 17 1612 35 1687; x_wconf 70' lang='lat' dir='ltr'><strong>i</strong></span> 
     </span>
    </p>
   </div>
   <div class='ocr_carea' id='block_1_9' title="bbox 10 1854 37 2023">
    <p class='ocr_par' dir='ltr' id='par_1_12' title="bbox 10 1854 37 2023">
     <span class='ocr_line' id='line_1_22' title="bbox 10 1854 37 1929; baseline 0 0"><span class='ocrx_word' id='word_1_119' title='bbox 10 1854 37 1929; x_wconf 70' lang='lat' dir='ltr'><strong>‘e</strong></span> 
     </span>
     <span class='ocr_line' id='line_1_23' title="bbox 17 1936 36 2023; baseline 0 -2"><span class='ocrx_word' id='word_1_120' title='bbox 17 1936 36 2023; x_wconf 68' lang='grc' dir='ltr'><strong>ξ</strong></span> 
     </span>
    </p>
   </div>
   <div class='ocr_carea' id='block_1_10' title="bbox 69 1605 753 1829">
    <p class='ocr_par' dir='ltr' id='par_1_13' title="bbox 69 1605 753 1829">
     <span class='ocr_line' id='line_1_24' title="bbox 69 1605 668 1671; baseline -0.007 -6"><span class='ocrx_word' id='word_1_121' title='bbox 69 1608 102 1665; x_wconf 86' lang='lat' dir='ltr'><strong>od</strong></span> <span class='ocrx_word' id='word_1_122' title='bbox 110 1606 217 1663; x_wconf 90' lang='lat' dir='ltr'><strong>coelum</strong></span> <span class='ocrx_word' id='word_1_123' title='bbox 227 1605 319 1662; x_wconf 80' lang='lat' dir='ltr'><strong>infelix</strong></span> <span class='ocrx_word' id='word_1_124' title='bbox 328 1607 444 1662; x_wconf 86' lang='lat' dir='ltr'><strong>ardentia</strong></span> <span class='ocrx_word' id='word_1_125' title='bbox 455 1605 556 1662; x_wconf 85' lang='lat' dir='ltr'><strong>lumino</strong></span> <span class='ocrx_word' id='word_1_126' title='bbox 565 1605 668 1671; x_wconf 76' lang='lat' dir='ltr'><strong>tollens,</strong></span> 
     </span>
     <span class='ocr_line' id='line_1_25' title="bbox 69 1678 753 1751; baseline -0.007 -12"><span class='ocrx_word' id='word_1_127' title='bbox 69 1680 188 1741; x_wconf 88' lang='lat' dir='ltr'><strong>lumina:</strong></span> <span class='ocrx_word' id='word_1_128' title='bbox 209 1689 383 1737; x_wconf 84' lang='lat' dir='ltr'><strong>namteueraa</strong></span> <span class='ocrx_word' id='word_1_129' title='bbox 395 1679 633 1736; x_wconf 85' lang='lat' dir='ltr'><strong>arcebautvincula</strong></span> <span class='ocrx_word' id='word_1_130' title='bbox 643 1678 753 1751; x_wconf 87' lang='lat' dir='ltr'><strong>palmae.</strong></span> 
     </span>
     <span class='ocr_line' id='line_1_26' title="bbox 105 1754 742 1829; baseline -0.008 -16"><span class='ocrx_word' id='word_1_131' title='bbox 105 1756 271 1829; x_wconf 83' lang='lat' dir='ltr'><strong>Supprimite</strong></span> <span class='ocrx_word' id='word_1_132' title='bbox 279 1773 296 1811; x_wconf 95' lang='lat' dir='ltr'><strong>o</strong></span> <span class='ocrx_word' id='word_1_133' title='bbox 305 1755 426 1826; x_wconf 88' lang='lat' dir='ltr'><strong>paullum</strong></span> <span class='ocrx_word' id='word_1_134' title='bbox 436 1755 533 1810; x_wconf 91' lang='lat' dir='ltr'><strong>turbati</strong></span> <span class='ocrx_word' id='word_1_135' title='bbox 542 1754 653 1810; x_wconf 83' lang='lat' dir='ltr'><strong>flumina</strong></span> <span class='ocrx_word' id='word_1_136' title='bbox 663 1756 742 1820; x_wconf 85' lang='lat' dir='ltr'><strong>venti,</strong></span> 
     </span>
    </p>
   </div>
   <div class='ocr_carea' id='block_1_11' title="bbox 10 1828 865 1902">
    <p class='ocr_par' dir='ltr' id='par_1_14' title="bbox 10 1828 865 1902">
     <span class='ocr_line' id='line_1_27' title="bbox 10 1828 865 1902; baseline -0.011 -12"><span class='ocrx_word' id='word_1_137' title='bbox 10 1846 15 1863; x_wconf 82' lang='lat'>¹</span> <span class='ocrx_word' id='word_1_138' title='bbox 66 1832 138 1889; x_wconf 87' lang='lat' dir='ltr'><strong>dum</strong></span> <span class='ocrx_word' id='word_1_139' title='bbox 147 1848 252 1902; x_wconf 87' lang='lat' dir='ltr'><strong>queror,</strong></span> <span class='ocrx_word' id='word_1_140' title='bbox 264 1838 290 1885; x_wconf 90' lang='lat' dir='ltr'><strong>et</strong></span> <span class='ocrx_word' id='word_1_141' title='bbox 298 1832 388 1895; x_wconf 87' lang='lat' dir='ltr'><strong>Divos,</strong></span> <span class='ocrx_word' id='word_1_142' title='bbox 398 1847 563 1902; x_wconf 87' lang='lat' dir='ltr'><strong>quamquam</strong></span> <span class='ocrx_word' id='word_1_143' title='bbox 573 1829 611 1885; x_wconf 91' lang='lat' dir='ltr'><strong>nil</strong></span> <span class='ocrx_word' id='word_1_144' title='bbox 621 1829 734 1885; x_wconf 80' lang='lat' dir='ltr'><strong>testibus</strong></span> <span class='ocrx_word' id='word_1_145' title='bbox 746 1828 800 1884; x_wconf 79' lang='lat' dir='ltr'><strong>illis</strong></span> <span class='ocrx_word' id='word_1_146' title='bbox 827 1835 865 1882; x_wconf 76' lang='lat' dir='ltr'><strong>lot</strong></span> 
     </span>
    </p>
   </div>
   <div class='ocr_carea' id='block_1_12' title="bbox 62 1904 868 2281">
    <p class='ocr_par' dir='ltr' id='par_1_15' title="bbox 65 1904 741 2039">
     <span class='ocr_line' id='line_1_28' title="bbox 65 1904 741 2039; baseline -0.004 -78"><span class='ocrx_word' id='word_1_147' title='bbox 65 1904 179 2039; x_wconf 45' lang='lat' dir='ltr'><strong>eccleci,</strong></span> <span class='ocrx_word' id='word_1_148' title='bbox 190 1911 307 1961; x_wconf 85' lang='lat' dir='ltr'><strong>entrcma</strong></span> <span class='ocrx_word' id='word_1_149' title='bbox 316 1906 430 1960; x_wconf 84' lang='lat' dir='ltr'><strong>moriens</strong></span> <span class='ocrx_word' id='word_1_150' title='bbox 443 1912 530 1960; x_wconf 86' lang='lat' dir='ltr'><strong>tamen</strong></span> <span class='ocrx_word' id='word_1_151' title='bbox 539 1904 741 1977; x_wconf 86' lang='lat' dir='ltr'><strong>alloquorhora.</strong></span> 
     </span>
    </p>

    <p class='ocr_par' dir='ltr' id='par_1_16' title="bbox 90 1980 698 2054">
     <span class='ocr_line' id='line_1_29' title="bbox 90 1980 698 2054; baseline -0.007 -16"><span class='ocrx_word' id='word_1_152' title='bbox 90 1998 124 2038; x_wconf 82' lang='lat' dir='ltr'><strong>oe</strong></span> <span class='ocrx_word' id='word_1_153' title='bbox 133 1996 191 2054; x_wconf 80' lang='lat' dir='ltr'><strong>ego,</strong></span> <span class='ocrx_word' id='word_1_154' title='bbox 202 1992 251 2036; x_wconf 78' lang='lat' dir='ltr'><strong>voe</strong></span> <span class='ocrx_word' id='word_1_155' title='bbox 261 1980 333 2046; x_wconf 75' lang='lat' dir='ltr'><strong>adeo,</strong></span> <span class='ocrx_word' id='word_1_156' title='bbox 345 1981 427 2047; x_wconf 85' lang='lat' dir='ltr'><strong>venti,</strong></span> <span class='ocrx_word' id='word_1_157' title='bbox 442 1980 564 2045; x_wconf 77' lang='lat' dir='ltr'><strong>testabor,</strong></span> <span class='ocrx_word' id='word_1_158' title='bbox 575 1988 601 2035; x_wconf 85' lang='lat' dir='ltr'><strong>et</strong></span> <span class='ocrx_word' id='word_1_159' title='bbox 610 1996 698 2046; x_wconf 84' lang='lat' dir='ltr'><strong>aurae,</strong></span> 
     </span>
    </p>

    <p class='ocr_par' dir='ltr' id='par_1_17' title="bbox 64 2054 604 2128">
     <span class='ocr_line' id='line_1_30' title="bbox 64 2054 604 2128; baseline -0.004 -18"><span class='ocrx_word' id='word_1_160' title='bbox 64 2072 129 2123; x_wconf 83' lang='lat' dir='ltr'><strong>vae,</strong></span> <span class='ocrx_word' id='word_1_161' title='bbox 143 2055 273 2110; x_wconf 85' lang='lat' dir='ltr'><strong>matutina</strong></span> <span class='ocrx_word' id='word_1_162' title='bbox 282 2055 306 2109; x_wconf 84' lang='lat' dir='ltr'><strong>ei</strong></span> <span class='ocrx_word' id='word_1_163' title='bbox 315 2055 363 2127; x_wconf 81' lang='lat' dir='ltr'><strong>qtni</strong></span> <span class='ocrx_word' id='word_1_164' title='bbox 372 2054 490 2128; x_wconf 80' lang='lat' dir='ltr'><strong>degente</strong></span> <span class='ocrx_word' id='word_1_165' title='bbox 499 2054 604 2118; x_wconf 76' lang='lat' dir='ltr'><strong>venitis,</strong></span> 
     </span>
    </p>

    <p class='ocr_par' dir='ltr' id='par_1_18' title="bbox 62 2125 727 2203">
     <span class='ocr_line' id='line_1_31' title="bbox 62 2125 727 2203; baseline -0.015 -14"><span class='ocrx_word' id='word_1_166' title='bbox 62 2129 192 2189; x_wconf 84' lang='lat' dir='ltr'><strong>cernitis:</strong></span> <span class='ocrx_word' id='word_1_167' title='bbox 214 2128 387 2203; x_wconf 80' lang='lat' dir='ltr'><strong>illaegcaum</strong></span> <span class='ocrx_word' id='word_1_168' title='bbox 395 2134 505 2201; x_wconf 78' lang='lat' dir='ltr'><strong>cognato</strong></span> <span class='ocrx_word' id='word_1_169' title='bbox 513 2125 727 2201; x_wconf 79' lang='lat' dir='ltr'><strong>sanguinevobia</strong></span> 
     </span>
    </p>

    <p class='ocr_par' dir='ltr' id='par_1_19' title="bbox 63 2201 868 2281">
     <span class='ocr_line' id='line_1_32' title="bbox 63 2201 868 2281; baseline -0.009 -21"><span class='ocrx_word' id='word_1_170' title='bbox 63 2203 175 2281; x_wconf 78' lang='lat' dir='ltr'><strong>Scylla3</strong></span> <span class='ocrx_word' id='word_1_171' title='bbox 196 2204 277 2276; x_wconf 89' lang='lat' dir='ltr'><strong>quod,</strong></span> <span class='ocrx_word' id='word_1_172' title='bbox 289 2204 333 2272; x_wconf 87' lang='lat' dir='ltr'><strong>ah,</strong></span> <span class='ocrx_word' id='word_1_173' title='bbox 345 2202 630 2258; x_wconf 86' lang='lat' dir='ltr'><strong>salvalieeattedicere</strong></span> <span class='ocrx_word' id='word_1_174' title='bbox 639 2201 749 2269; x_wconf 87' lang='lat' dir='ltr'><strong>Procne;</strong></span> <span class='ocrx_word' id='word_1_175' title='bbox 828 2206 868 2253; x_wconf 82' lang='lat' dir='ltr'><strong>tto</strong></span> 
     </span>
    </p>
   </div>
   <div class='ocr_carea' id='block_1_13' title="bbox 10 2274 670 2351">
    <p class='ocr_par' dir='ltr' id='par_1_20' title="bbox 10 2274 670 2351">
     <span class='ocr_line' id='line_1_33' title="bbox 10 2274 670 2351; baseline -0.017 -11"><span class='ocrx_word' id='word_1_176' title='bbox 10 2290 20 2325; x_wconf 88' lang='lat'><strong>&#39;-</strong></span> <span class='ocrx_word' id='word_1_177' title='bbox 65 2280 252 2351; x_wconf 79' lang='lat' dir='ltr'><strong>illaegceum</strong></span> <span class='ocrx_word' id='word_1_178' title='bbox 262 2278 320 2334; x_wconf 83' lang='lat' dir='ltr'><strong>Nisi</strong></span> <span class='ocrx_word' id='word_1_179' title='bbox 328 2277 451 2350; x_wconf 84' lang='lat' dir='ltr'><strong>pollentis</strong></span> <span class='ocrx_word' id='word_1_180' title='bbox 461 2276 516 2331; x_wconf 83' lang='lat' dir='ltr'><strong>lilia</strong></span> <span class='ocrx_word' id='word_1_181' title='bbox 524 2274 670 2347; x_wconf 82' lang='lat' dir='ltr'><strong>quondam,</strong></span> 
     </span>
    </p>
   </div>
   <div class='ocr_carea' id='block_1_14' title="bbox 65 2350 714 2425">
    <p class='ocr_par' dir='ltr' id='par_1_21' title="bbox 65 2350 714 2425">
     <span class='ocr_line' id='line_1_34' title="bbox 65 2350 714 2425; baseline -0.006 -17"><span class='ocrx_word' id='word_1_182' title='bbox 65 2354 191 2415; x_wconf 81' lang='lat' dir='ltr'><strong>certatim</strong></span> <span class='ocrx_word' id='word_1_183' title='bbox 200 2353 318 2408; x_wconf 85' lang='lat' dir='ltr'><strong>exomni</strong></span> <span class='ocrx_word' id='word_1_184' title='bbox 330 2353 404 2425; x_wconf 88' lang='lat' dir='ltr'><strong>petiit</strong></span> <span class='ocrx_word' id='word_1_185' title='bbox 413 2368 495 2423; x_wconf 89' lang='lat' dir='ltr'><strong>quam</strong></span> <span class='ocrx_word' id='word_1_186' title='bbox 509 2350 616 2405; x_wconf 85' lang='lat' dir='ltr'><strong>Graecia</strong></span> <span class='ocrx_word' id='word_1_187' title='bbox 624 2365 714 2423; x_wconf 81' lang='lat' dir='ltr'><strong>regno,</strong></span> 
     </span>
    </p>
   </div>
   <div class='ocr_carea' id='block_1_15' title="bbox 15 2424 713 2563">
    <p class='ocr_par' dir='ltr' id='par_1_22' title="bbox 15 2424 713 2563">
     <span class='ocr_line' id='line_1_35' title="bbox 15 2424 713 2563; baseline -0.001 -82"><span class='ocrx_word' id='word_1_188' title='bbox 15 2446 22 2481; x_wconf 94' lang='grc'><strong>.·</strong></span> <span class='ocrx_word' id='word_1_189' title='bbox 67 2446 130 2563; x_wconf 50' lang='grc' dir='ltr'><strong>«Γ</strong></span> <span class='ocrx_word' id='word_1_190' title='bbox 138 2444 238 2483; x_wconf 83' lang='lat' dir='ltr'><strong>curvus</strong></span> <span class='ocrx_word' id='word_1_191' title='bbox 249 2434 331 2481; x_wconf 82' lang='lat' dir='ltr'><strong>terrae</strong></span> <span class='ocrx_word' id='word_1_192' title='bbox 341 2425 506 2498; x_wconf 87' lang='lat' dir='ltr'><strong>amplectitur</strong></span> <span class='ocrx_word' id='word_1_193' title='bbox 514 2424 713 2496; x_wconf 78' lang='lat' dir='ltr'><strong>Hellespontue3</strong></span> 
     </span>
    </p>
   </div>
   <div class='ocr_carea' id='block_1_16' title="bbox 10 2498 716 2576">
    <p class='ocr_par' dir='ltr' id='par_1_23' title="bbox 10 2498 716 2576">
     <span class='ocr_line' id='line_1_36' title="bbox 10 2498 716 2576; baseline -0.011 -15"><span class='ocrx_word' id='word_1_194' title='bbox 10 2544 12 2551; x_wconf 85' lang='lat'>·</span> <span class='ocrx_word' id='word_1_195' title='bbox 92 2504 121 2560; x_wconf 88' lang='lat' dir='ltr'><strong>la</strong></span> <span class='ocrx_word' id='word_1_196' title='bbox 130 2518 180 2576; x_wconf 75' lang='lat' dir='ltr'><strong>ego</strong></span> <span class='ocrx_word' id='word_1_197' title='bbox 190 2519 261 2567; x_wconf 80' lang='lat' dir='ltr'><strong>snm,</strong></span> <span class='ocrx_word' id='word_1_198' title='bbox 273 2502 368 2567; x_wconf 81' lang='lat' dir='ltr'><strong>Minos,</strong></span> <span class='ocrx_word' id='word_1_199' title='bbox 380 2507 480 2556; x_wconf 77' lang='lat' dir='ltr'><strong>sacrato</strong></span> <span class='ocrx_word' id='word_1_200' title='bbox 488 2498 591 2555; x_wconf 86' lang='lat' dir='ltr'><strong>loedere</strong></span> <span class='ocrx_word' id='word_1_201' title='bbox 598 2500 716 2555; x_wconf 87' lang='lat' dir='ltr'><strong>coniunx</strong></span> 
     </span>
    </p>
   </div>
   <div class='ocr_carea' id='block_1_17' title="bbox 69 2571 869 2801">
    <p class='ocr_par' dir='ltr' id='par_1_24' title="bbox 69 2571 869 2801">
     <span class='ocr_line' id='line_1_37' title="bbox 69 2571 869 2646; baseline -0.014 -9"><span class='ocrx_word' id='word_1_202' title='bbox 69 2580 145 2638; x_wconf 84' lang='lat' dir='ltr'><strong>diota</strong></span> <span class='ocrx_word' id='word_1_203' title='bbox 157 2577 219 2632; x_wconf 87' lang='lat' dir='ltr'><strong>tibi:</strong></span> <span class='ocrx_word' id='word_1_204' title='bbox 240 2584 329 2631; x_wconf 87' lang='lat' dir='ltr'><strong>tamen</strong></span> <span class='ocrx_word' id='word_1_205' title='bbox 339 2576 412 2641; x_wconf 89' lang='lat' dir='ltr'><strong>haec,</strong></span> <span class='ocrx_word' id='word_1_206' title='bbox 424 2583 449 2630; x_wconf 87' lang='lat' dir='ltr'><strong>et</strong></span> <span class='ocrx_word' id='word_1_207' title='bbox 460 2575 485 2629; x_wconf 82' lang='lat' dir='ltr'><strong>si</strong></span> <span class='ocrx_word' id='word_1_208' title='bbox 494 2591 546 2630; x_wconf 91' lang='lat' dir='ltr'><strong>noc</strong></span> <span class='ocrx_word' id='word_1_209' title='bbox 556 2574 661 2646; x_wconf 86' lang='lat' dir='ltr'><strong>accipis,</strong></span> <span class='ocrx_word' id='word_1_210' title='bbox 673 2571 759 2629; x_wconf 84' lang='lat' dir='ltr'><strong>audis.</strong></span> <span class='ocrx_word' id='word_1_211' title='bbox 831 2580 869 2627; x_wconf 74' lang='lat'><strong>415</strong></span> 
     </span>
     <span class='ocr_line' id='line_1_38' title="bbox 71 2646 728 2729; baseline -0.012 -18"><span class='ocrx_word' id='word_1_212' title='bbox 71 2656 204 2715; x_wconf 74' lang='lat' dir='ltr'><strong>vinciana</strong></span> <span class='ocrx_word' id='word_1_213' title='bbox 214 2659 267 2708; x_wconf 82' lang='lat' dir='ltr'><strong>lom</strong></span> <span class='ocrx_word' id='word_1_214' title='bbox 276 2651 368 2727; x_wconf 77' lang='lat' dir='ltr'><strong>magni</strong></span> <span class='ocrx_word' id='word_1_215' title='bbox 378 2649 488 2708; x_wconf 73' lang='lat' dir='ltr'><strong>narrabo</strong></span> <span class='ocrx_word' id='word_1_216' title='bbox 496 2650 614 2729; x_wconf 66' lang='lat' dir='ltr'><strong>gurgitis</strong></span> <span class='ocrx_word' id='word_1_217' title='bbox 619 2646 728 2707; x_wconf 65' lang='lat' dir='ltr'><strong>nuent</strong></span> 
     </span>
     <span class='ocr_line' id='line_1_39' title="bbox 108 2740 739 2801; baseline -0.008 -2"><span class='ocrx_word' id='word_1_218' title='bbox 108 2745 214 2801; x_wconf 82' lang='lat' dir='ltr'><strong>Vracrn.</strong></span> <span class='ocrx_word' id='word_1_219' title='bbox 679 2740 739 2795; x_wconf 45' lang='lat' dir='ltr'><strong>aa</strong></span> 
     </span>
    </p>
   </div>
   <div class='ocr_carea' id='block_1_18' title="bbox 0 0 948 3052">
    <p class='ocr_par' dir='ltr' id='par_1_25' title="bbox 0 0 948 3052">
     <span class='ocr_line' id='line_1_40' title="bbox 0 0 948 3052; baseline 0 0"><span class='ocrx_word' id='word_1_220' title='bbox 0 0 948 3052; x_wconf 95' lang='lat' dir='ltr'><strong> </strong></span> 
     </span>
    </p>
   </div>
  </div>
 </body>
</html>
