1846 3052
191 172 241 224 308
357 177 385 221 Ρ.
405 170 576 221 VIRGILII·
590 170 766 219 MARONIS

190 274 338 350 Euryalum
347 274 468 328 tenebrae
478 288 612 328 ramorum
620 288 786 346 onerosaque
798 274 893 346 praede

137 361 176 404 385
191 351 347 423 impediunt,
359 349 477 420 fallitque
484 349 564 402 timor
572 347 680 421 regione
687 349 806 403 viarum.

191 426 272 479 Nisus
282 425 350 478 abit:
372 426 479 494 iamque
488 421 644 493 imprudens
653 431 773 477 evaserat
781 424 881 491 hostes,

191 507 270 571 atque
280 499 357 563 locos,
369 499 416 570 qui
426 504 486 570 post
494 496 577 552 Albae
585 495 620 551 de
627 497 739 552 nomine
745 498 810 553 dieti

190 574 300 629 Albani:
321 581 379 628 tum
390 590 436 627 rex
445 571 549 627 stabula
557 570 610 626 alta
617 572 731 626 Latinus
740 572 864 628 habebnt

190 649 225 703 Ut
234 649 313 715 stetit,
324 657 350 702 et
358 647 454 701 irustre
467 646 602 701 absentem
610 647 728 718 respexit
739 650 873 703 amicum:

137 733 177 776 stu
190 723 315 796 Euryale,
327 721 481 793 infelixque
492 720 759 794 teregionereliqui‘?

193 814 280 869 quave
303 814 413 869 sequar,
440 813 533 850 rursus
553 795 710 868 perplexum
731 797 783 851 iter
802 814 882 853 omne
897 814 917 852 rs

622 880 624 885 ⁴
684 871 798 927 volvens

191 944 401 1000 iallmissilvee‘l
417 943 498 999 simiel
507 952 533 999 et
541 945 653 1018 vestigia
662 953 732 1000 retro

191 1021 328 1075 observata
337 1019 409 1094 legit,
420 1020 565 1091 dumisque
573 1018 714 1075 silentibus
723 1028 802 1077 errat

191 1095 273 1150 Audit
283 1111 374 1167 equos,
386 1094 460 1149 audit
468 1095 592 1166 strepitus
601 1102 627 1148 at
635 1094 713 1168 signa
722 1104 893 1169 sequentum.

138 1180 177 1224 ets
191 1171 245 1224 Nee
254 1169 365 1243 longum
374 1170 402 1224 in
408 1169 495 1224 medio
500 1175 604 1240 tempus
612 1186 711 1241 :quum
716 1170 858 1226 clamored
863 1186 917 1226 aure

191 1242 917 1318 pervenit,eevidetEuryelum;quemiemmanusnmni

191 1319 283 1374 fraude
294 1318 342 1374 loni
352 1326 377 1372 et
386 1320 477 1383 noctis,
489 1317 577 1372 subito
588 1318 712 1373 turbante
720 1319 851 1385 tumultu,

192 1410 348 1465 oppressum
357 1393 433 1464 repit,
445 1402 470 1448 et
478 1400 614 1447 conantem
624 1392 742 1464 plurima
753 1394 860 1449 fruens„

193 1468 264 1535 Quid
277 1467 370 1522 faciat?
387 1468 477 1540 quavi
491 1468 624 1531 iuvenem,
636 1469 739 1539 quibus
749 1469 846 1525 audent
857 1468 917 1525 ararit

139 1552 178 1596 tut
193 1543 309 1615 eripere?
327 1543 368 1597 An
378 1561 435 1597 sese
444 1542 545 1597 medios
555 1542 699 1597 moriturus
709 1544 738 1598 in
749 1560 829 1599 enses

193 1617 294 1682 inierat,
312 1625 337 1671 et
350 1617 487 1688 pulchram
497 1624 617 1688 properet
629 1634 677 1688 per
684 1617 798 1673 vulnera
811 1613 917 1674 mortem!

194 1691 274 1746 Ocius
284 1691 530 1764 adductotorquens
540 1691 746 1756 bestilelanertn,

193 1766 341 1838 suspiciens
351 1765 430 1820 altem
440 1768 553 1831 Lunam,
567 1767 676 1822 sicvoee
686 1776 825 1838 precetur:

193 1843 243 1906 Tu,
255 1840 312 1906 dea,
324 1848 354 1894 tu
362 1858 486 1911 praesens
497 1848 585 1895 nostro
594 1857 719 1896 sunaurre
729 1842 823 1907 labori,

139 1924 178 1970 405
194 1925 323 1971 astromm
332 1917 421 1980 decus,
433 1923 458 1970 et
467 1932 604 1970 nemorum
614 1916 722 1970 Latonia
730 1926 835 1972 mistos:

194 1992 218 2045 si
228 2008 282 2063 qua
289 1991 343 2045 tuis
355 2008 475 2062 unquam
485 2007 533 2061 pro
544 2008 587 2044 me
596 1998 669 2061 pater
676 1991 809 2064 Hyrtacus
816 1993 870 2047 aris

195 2067 263 2122 done
273 2065 340 2130 tulit,
356 2066 380 2119 si
388 2083 441 2138 qua
451 2066 508 2136 ipse
518 2065 584 2118 meis
593 2065 733 2121 venatibus
743 2069 817 2129 auxi,

195 2141 356 2214 suspendive
366 2140 447 2205 tholo,
460 2147 505 2193 ent
514 2157 586 2194 saera
596 2140 630 2194 ad
638 2139 743 2214 fastigia
753 2141 816 2195 fixi:

194 2217 267 2271 hunc
276 2217 334 2271 sine
342 2233 385 2270 me
393 2216 500 2270 turbare
508 2213 627 2286 globum,
635 2215 789 2288 etregetela
797 2228 915 2288 pereunt

140 2299 180 2344 ltu
194 2291 311 2356 Dixerat,
323 2299 349 2346 et
359 2298 412 2345 toto
420 2290 551 2344 connixus
559 2306 665 2361 serpere
675 2290 774 2345 ferrum

195 2367 312 2421 coniicit:
333 2366 408 2420 hasta
417 2364 509 2420 volans
521 2365 603 2418 noetis
612 2365 760 2419 diverberat
769 2366 884 2427 umbras,

195 2447 221 2494 et
228 2441 301 2495 venit
310 2441 394 2494 aversi
405 2441 432 2495 in
442 2449 544 2513 tergum
558 2439 703 2504 Sulmonis,
714 2441 809 2512 ibique

195 2514 333 2588 frangitur,
346 2532 376 2569 aa
389 2515 450 2569 fisso
460 2515 553 2568 transit
561 2515 711 2585 praeeordia
723 2513 807 2588 ligno.

195 2589 316 2648 Volvitur
325 2589 370 2645 illa
378 2607 488 2645 vomens
497 2589 611 2644 calidum
624 2589 876 2662 depecteredumen

130 2675 175 2726 415
190 2668 319 2750 frigidus,
333 2675 360 2728 et
368 2667 459 2746 leugis
467 2663 790 2740 singultibusilmndsst
