1846 3052
131 88 164 172 88
294 126 325 174 P.
343 123 516 171 VIRGILII
531 122 706 170 manoms

132 227 331 296 amissorupere
343 223 436 292 fidem3
455 230 656 294 constructaque
664 222 745 278 mella

131 301 263 372 diripuere
272 300 352 370 ipsae,
364 305 389 352 et
396 306 478 352 crates
488 297 588 353 solvere
597 296 727 354 favorum.

77 387 116 429 215
130 375 177 429 Ille
185 392 295 446 operum
304 380 405 441 custos;
427 371 686 438 illumadmirantur‚
698 379 828 428 ctomnes
858 386 861 391 '

131 450 301 505 circumstant
310 447 415 503 fremitu
424 447 515 512 denso,
527 447 676 519 stipantque
685 446 847 519 frequentem

131 532 157 579 et
164 541 241 596 saepe
250 522 370 579 attollunt
379 522 507 585 humeris,
518 529 544 576 et
551 538 658 592 corpora
667 521 738 577 bello

131 599 269 661 obiectant,
278 597 469 669 pulchramque
479 603 571 667 petunt
579 613 626 667 per
635 594 864 654 vulneramortent

170 675 217 728 His
229 672 339 744 quidam
348 670 432 745 signis
445 677 523 742 atque
532 671 595 724 haec
604 671 727 742 exempla
735 675 828 739 secuti,

77 758 117 802 220
131 765 189 803 esse
197 748 293 820 apibus
302 746 516 817 partemdivinae
524 745 630 814 mentis,
642 753 668 800 et
676 746 791 802 haustus

132 823 258 878 aetherios
270 822 370 877 dixere.
388 822 472 875 Deum
482 837 598 892 namque
607 821 645 874 ire
653 837 701 892 per
710 838 805 877 omnes

130 905 273 969 terrasque,
281 903 431 967 tractusque
440 895 530 959 maris,
536 894 692 967 coelumque
698 895 864 967 profundum

130 973 194 1026 hinc
202 970 323 1042 pecudes,
335 976 460 1035 armenta,
472 970 553 1033 viros,
563 987 648 1042 genus
658 986 738 1026 omne
749 971 858 1026 ferarum

131 1063 265 1118 quemque
273 1044 325 1099 sibi
336 1051 426 1100 tenues
436 1051 585 1099 nascentem
595 1061 725 1100 arcessere
734 1047 815 1115 vitas3

77 1131 116 1174 225
130 1120 228 1175 scilicet
236 1121 290 1175 huc
297 1119 371 1174 reddi
382 1119 476 1174 deinde
485 1136 515 1173 ac
523 1118 636 1173 resoluta
644 1119 736 1188 referri

130 1195 233 1264 omnia3
255 1212 303 1250 nec
314 1195 392 1249 morti
401 1212 457 1248 esse
466 1193 563 1259 locum,
574 1194 621 1248 sed
630 1195 692 1249 viva
700 1194 791 1250 volare

131 1270 224 1326 sideris
234 1269 262 1326 iu
272 1287 423 1335 numerum,
435 1276 514 1341 atque
523 1268 575 1323 alto
583 1269 721 1324 succedere
730 1270 809 1326 coelo.

170 1345 198 1400 Si
207 1345 314 1418 quando
322 1344 411 1400 sedem
421 1351 571 1418 angustam,
582 1352 739 1416 servataque
748 1345 825 1401 mella

132 1421 271 1482 thesauris,
283 1420 392 1476 relines:
412 1420 487 1491 prius
496 1419 594 1473 haustu
603 1437 712 1489 sparsus
723 1436 847 1493 aquarum

78 1503 117 1548 230
131 1494 252 1559 malove,
264 1493 404 1567 fumosque
413 1512 494 1549 manu
503 1493 642 1566 praetende
651 1512 788 1566 sequaces.

130 1571 175 1624 Bis
184 1568 307 1642 gravidos
316 1575 413 1643 cogunt
423 1567 499 1634 fetus,
512 1570 565 1623 duo
575 1577 692 1640 tempora
701 1572 806 1636 messis,

132 1646 244 1716 Taygete
252 1642 333 1698 simul
343 1660 372 1697 os
382 1645 457 1698 terris
467 1645 579 1698 ostendit
588 1643 729 1698 honestum

131 1717 210 1783 Plias,
226 1724 251 1772 et
259 1717 354 1772 Oceani
364 1725 463 1788 spretos
474 1718 539 1789 pede
549 1718 644 1789 repulit
652 1737 758 1788 amnes3

131 1800 176 1847 aut
186 1791 277 1846 eadem
286 1792 360 1847 sidus
370 1792 475 1866 fugiens
487 1793 534 1848 ubi
545 1794 626 1848 Piscis
637 1795 731 1864 aquosi

77 1876 117 1920 235
131 1867 229 1921 tristior
237 1867 361 1922 hibernas
370 1867 440 1923 coelo
449 1867 581 1922 descendit
590 1869 618 1922 in
628 1869 724 1923 undas.

131 1941 187 1996 Illis
196 1941 234 1997 ira
244 1942 353 1997 modum
362 1961 442 2015 supra
451 1950 497 2008 est,
510 1942 646 2015 laesaeque
656 1960 789 1998 venenum

132 2019 266 2072 morsibus
276 2017 415 2090 inspirant,
426 2025 452 2073 et
461 2017 563 2089 spicula
572 2035 644 2072 caeca
656 2019 812 2090 relinquunt

133 2091 226 2148 affixae
237 2094 321 2160 venis,
335 2095 490 2165 animasque
501 2093 529 2147 in
539 2092 648 2149 uulnere
656 2103 768 2164 ponunt.

132 2167 188 2232 Sin,
200 2168 294 2222 duram
304 2177 423 2224 metuens
430 2169 553 2232 hiemem,
564 2185 707 2240 parcesque
716 2168 814 2235 futuro,

77 2247 117 2294 240
131 2249 307 2314 contusosque
316 2244 419 2298 animos
428 2251 453 2298 et
462 2261 503 2298 res
513 2243 670 2298 miserabere
678 2243 785 2298 fractas:

132 2323 158 2370 at
167 2316 257 2372 suffire
266 2317 367 2391 thymo,
379 2336 504 2390 cerasque
513 2319 626 2372 recidere
635 2319 735 2381 inanes,

132 2391 194 2462 quis
203 2391 321 2446 dubitet‘f
338 2394 406 2447 Nam
417 2411 493 2465 saepe
502 2392 575 2448 favos
585 2394 690 2466 ignotus
700 2393 787 2448 adedit

133 2465 226 2531 stellio,
239 2473 264 2520 et
273 2466 397 2540 lucifugis
407 2475 529 2541 congesta
538 2469 635 2522 cubilia
645 2468 746 2536 blattis;

133 2540 315 2613 immunisque
323 2543 417 2596 sedens
426 2543 511 2598 aliena
521 2543 554 2598 ad
562 2544 660 2615 pabula
672 2543 759 2608 fucus,

79 2620 119 2668 245
133 2622 180 2671 aut
190 2633 266 2689 asper
274 2617 364 2673 crabro
374 2616 522 2691 imparibus
530 2635 559 2674 se
568 2618 713 2674 immiscuit
721 2619 817 2688 armis;
