1846 3052
180 173 230 228 292
341 179 371 224 Ρ.
391 175 564 224 VIRGILII
580 176 755 223 MARONIS

181 281 239 336 Huc
247 286 320 352 pater
331 277 430 333 Aeneas
440 285 465 332 et
473 276 543 332 ballo
552 275 616 331 lecta
625 277 753 332 iuventus

181 353 332 418 succedunt,
344 351 460 424 fessique
469 358 494 407 et
502 367 584 424 equos
594 358 619 406 et
627 367 735 424 corpora
744 361 848 408 curant.

218 429 252 483 Ar
261 429 350 484 Venus
358 427 487 483 aetherios
495 425 564 481 inter
573 425 621 481 dea
629 426 742 481 eandida
751 427 859 482 nimbos

181 504 249 560 dona
258 501 344 557 serens
353 502 454 570 aderat3
475 508 622 572 natumque
631 501 659 556 in
669 500 738 556 valle
746 503 853 558 reducta

127 590 166 632 oto
181 585 211 634 ut
219 576 308 648 procul
318 574 420 650 egelido
433 582 561 631 secretum
574 568 684 630 tlirmine
693 576 771 641 vidit,

181 652 280 707 talibus
290 652 365 706 allata
375 657 414 706 ast
425 650 511 714 dictis,
522 666 604 722 seque
612 648 708 705 obtulit
716 649 803 708 ultro:

181 728 222 782 En
232 724 343 799 perlecta
352 726 405 780 mei
414 726 544 798 promissa
553 725 673 799 coniugis
683 733 739 780 arte

181 818 304 857 munera:
325 817 359 855 ne
369 815 431 855 mox
441 807 486 856 aut
494 800 646 865 Laurentes,
658 807 727 861 nate,
738 801 877 872 superbos,

181 883 227 931 aut
236 892 322 930 acrem
331 874 435 930 dubites
449 875 476 930 in
485 874 584 946 proelia
592 888 698 946 msere
706 876 842 933 turnum.

129 964 167 1006 515
180 948 260 1015 Dixit,
273 957 298 1004 et
310 948 448 1021 amplexus
457 950 511 1004 nati
522 949 650 1024 Cytherea
657 949 764 1021 petivit;

182 1043 254 1080 arma
264 1024 316 1080 sub
325 1024 434 1079 adversa
442 1025 530 1096 posuit
537 1024 665 1080 radiantia
674 1041 787 1097 quercu.

182 1100 238 1165 Ille,
250 1100 312 1155 deae
318 1099 395 1154 donis
404 1106 430 1154 et
438 1105 510 1154 tento
518 1098 602 1154 laetus
613 1099 722 1165 bonore,

182 1174 280 1246 expleri
290 1175 390 1246 nequit,
402 1181 480 1246 atqua
489 1173 578 1229 oculos
587 1190 635 1246 per
646 1173 754 1248 singula
764 1173 856 1241 volvit,

182 1251 353 1321 miraturque,
368 1249 487 1321 interque
496 1265 594 1304 manus
606 1256 632 1304 et
640 1248 747 1304 brachia
755 1258 845 1305 vereat

129 1336 167 1378 ott
181 1321 324 1379 terribilem
334 1324 421 1378 cristis
429 1323 533 1397 galeam
542 1322 718 1396 flammasque
726 1332 883 1390 vomentem,

182 1396 367 1470 fatiferumque
377 1415 476 1464 ensem,
488 1396 596 1454 loricam
605 1415 640 1453 ex
648 1414 707 1453 aare
714 1399 855 1472 rigentem,

183 1473 365 1547 sanguineam,
376 1473 519 1547 ingentem,
531 1472 619 1545 qualis
633 1490 720 1546 quum
728 1473 833 1531 caerrrla
843 1474 914 1531 nube

183 1547 246 1602 solis
256 1547 394 1603 inardescit
403 1548 483 1603 radiis
494 1546 624 1622 longeque
633 1547 761 1622 refulget3

184 1631 241 1676 tum
251 1620 321 1677 leves
331 1639 418 1678 coreas
428 1622 521 1678 eleetm
530 1639 647 1695 auroque
656 1631 765 1689 moneta,

131 1708 176 1763 tro,
185 1697 350 1768 hastamque,
362 1704 387 1751 et
398 1696 475 1770 clipei
485 1715 537 1753 non
547 1697 692 1753 enarrabile
700 1704 815 1754 textum.

183 1770 240 1825 Illic
252 1788 293 1825 res
302 1770 387 1835 italas,
402 1773 634 1845 Romanorumque
642 1773 803 1846 triumphos,

183 1845 256 1901 haud
265 1852 356 1900 vatum
368 1846 477 1919 ignarus
487 1848 644 1920 venturique
656 1849 758 1903 inscius
767 1849 834 1914 aevi,

183 1920 448 1994 feceratlgnipotens3
469 1921 524 1977 illio
533 1939 617 1996 genus
625 1939 705 1978 omne
713 1921 818 1979 futurae

184 1994 274 2066 stirpis
283 1996 317 2050 ab
326 1996 447 2061 Ascanio,
462 2005 631 2070 pugnataque
640 1998 769 2053 inordina
778 1996 857 2054 bella.

131 2079 169 2121 aaa
183 2070 288 2125 Fecerat
297 2078 323 2126 et
333 2071 413 2126 viridi
423 2068 500 2127 letam
510 2073 634 2127 Mavortis
643 2073 671 2127 in
681 2080 757 2127 antro

184 2145 356 2215 procubuisse
365 2145 470 2216 lupam:
490 2147 609 2220 geminos
618 2147 681 2202 huic
689 2147 772 2202 ubam
781 2148 880 2204 ciream

185 2218 275 2275 ludere
283 2220 426 2292 pendentes
435 2238 541 2293 pueros,
552 2228 578 2276 et
589 2220 705 2277 lambere
714 2229 825 2277 matrem

186 2295 346 2364 impavidos,
368 2294 442 2350 illam
450 2297 522 2351 tereti
534 2297 634 2352 cervice
642 2296 766 2352 rellexam

185 2367 300 2422 mulcere
309 2370 429 2435 alternos,
441 2378 467 2426 et
475 2387 580 2442 corpora
591 2372 690 2445 fingere
699 2371 800 2446 lingua.

133 2452 171 2495 ⁶35
186 2444 239 2497 Nec
248 2442 338 2515 procul
349 2444 535 2511 hincRomam,
543 2454 569 2501 et
578 2455 665 2519 raptas
674 2447 732 2502 sine
740 2445 913 2501 moreSabine

186 2534 309 2572 consessu
319 2535 420 2584 caveae,
432 2521 538 2594 magnis
548 2521 715 2578 Circensibus
724 2523 797 2587 actis,

183 2591 329 2663 addiderat,
341 2593 484 2670 subitoque
490 2612 592 2652 nouum
598 2613 756 2671 consurgere
764 2594 864 2652 bellum

176 2672 348 2746 Romulidis,
360 2670 865 2752 uanoqnesenruumosqmmsm.
