1846 3052
131 166 183 221 iili
294 171 325 217 1‘.
343 168 517 216 vultum
533 166 710 215 HABONIS

132 272 155 326 si
165 269 274 343 quande
285 269 367 324 letum
374 267 527 329 horrificum
537 267 701 340 morbosque
707 266 792 326 deum
801 288 818 326 n

131 346 250 410 molitur,
261 344 367 398 meritas
376 350 423 398 aut
430 341 501 397 belle
510 342 610 397 territat
617 343 712 398 urbes.

133 422 233 475 Herum
241 435 325 474 unum
335 417 446 472 celerem
455 416 563 472 demisit
571 417 607 472 ub
615 417 721 473 aethere
729 435 818 474 summ

132 495 240 566 Iupiter,
253 492 335 565 inque
343 509 421 547 omen
432 493 556 547 Iuturnae
565 508 703 547 occurrere
712 493 804 550 iussit.

79 580 118 624 855
132 569 179 625 illu
188 567 267 634 volat,
281 566 413 638 celerique
421 565 455 621 ud
464 573 559 620 terrum
568 566 677 621 turbine
688 566 787 635 fertum

133 660 186 699 non
197 659 283 708 secus,
295 659 326 698 ue
333 658 416 698 nervo
424 657 471 712 per
479 641 578 695 nubem
589 639 708 712 impulsa
718 642 816 717 sagitta

133 724 260 773 ermetem
270 716 343 772 saevi
352 715 465 771 Parthus
475 732 557 786 quam
566 713 627 770 felle
635 716 745 783 veneni,

134 792 255 856 Parthus,
268 792 325 847 sive
334 790 437 864 Cydon,
448 788 531 844 telum
541 788 750 857 immedicabile,
761 798 817 848 tore

18 876 30 892 ‘
134 866 247 921 stridens
257 865 386 921 eteeleres
396 864 528 937 ineognitu
537 864 653 918 transilit
663 865 791 923 umbras.

81 953 121 996 suu
135 940 245 995 Talisse
255 941 399 994 suteNoele
408 938 477 1003 tulit,
491 945 625 1010 terresque
633 939 739 1010 petivit.

134 1017 277 1086 Postquam
286 1014 354 1069 ecies
363 1012 435 1070 videt
445 1012 537 1067 lliuces
546 1021 625 1084 alque
634 1016 746 1086 agmina
758 1016 818 1072 Tun

135 1089 205 1144 alitis
214 1089 349 1160 inperite
357 1088 473 1142 subitam
482 1086 586 1142 uollectu
598 1087 724 1160 figuram,

135 1181 204 1236 quae
216 1163 350 1234 quondam
361 1161 489 1226 inhietis,
497 1161 818 1218 uutculminibusdeserli

136 1245 210 1293 necle
221 1237 315 1292 sedens
327 1254 416 1292 serum
426 1237 496 1291 currit
506 1237 657 1307 importuna
667 1253 716 1308 per
725 1238 818 1294 umbre

82 1324 122 1369 865
136 1312 289 1367 benoverm
300 1312 329 1366 in
338 1310 440 1376 lucium,
453 1311 536 1366 Turni
544 1328 574 1365 se
582 1311 665 1381 pestis
674 1312 710 1366 ob
719 1329 767 1367 ura

135 1385 239 1459 fertque
246 1385 376 1458 refertque
383 1384 665 1456 senens,elipeumque
674 1387 812 1442 everberat

136 1460 179 1515 llli
190 1461 309 1515 membre
320 1476 406 1514 novus
415 1459 494 1514 solvit
503 1457 643 1515 formidine
653 1467 761 1531 torp0r3

136 1542 303 1606 arrectaeque
319 1535 427 1589 horrore
439 1551 538 1598 eumue,
554 1541 580 1588 et
588 1550 642 1590 vox
655 1533 782 1590 faucibus
790 1536 818 1591 be

137 1610 180 1672 At,
191 1608 283 1680 preeul
292 1615 322 1664 ut
331 1609 408 1663 Dirae
414 1608 552 1663 stridorem
563 1609 671 1681 agnovit
680 1617 706 1664 et
714 1609 783 1676 elas,

84 1695 124 1738 ulo
140 1682 231 1738 infelix
240 1683 326 1737 crines
338 1683 434 1738 scindit
443 1684 551 1738 Iuturna
559 1683 669 1747 solutos,

138 1757 276 1830 unguibus
286 1773 332 1827 eru
343 1774 417 1812 soror
427 1756 543 1822 foedans,
555 1765 580 1811 el
588 1765 693 1828 pectora
702 1758 818 1831 pugnis:

139 1831 210 1898 Quid
220 1847 292 1885 nune
301 1837 326 1884 le
336 1839 390 1896 tun,
407 1833 504 1896 Turne,
516 1839 601 1902 polest
608 1848 737 1904 germane
748 1833 818 1888 iurm

139 1912 185 1960 aut
194 1905 260 1977 quid
275 1905 328 1959 iam
343 1905 425 1959 durae
438 1914 545 1977 superet
560 1905 645 1961 mihi?
663 1905 724 1972 Qua
737 1907 788 1961 tibi
797 1906 818 1960 lu

141 1987 195 2034 erte
204 1977 307 2034 morer‘l
319 1979 403 2034 Tulin’
412 1996 523 2050 possum
534 1997 577 2034 me
584 1997 716 2053 opponere
725 1988 818 2036 mensi

86 2068 126 2111 875
140 2057 196 2110 Iam
205 2055 258 2108 iarn
271 2052 364 2124 linquo
373 2054 451 2109 acies.
472 2056 512 2110 Ne
520 2072 565 2110 me
574 2062 665 2109 terrete
674 2055 818 2120 timentem,

141 2130 268 2185 obscenae
276 2128 409 2197 uolucrem
421 2129 524 2183 alarum
532 2130 641 2184 verbera
651 2145 744 2194 nomo,

142 2203 300 2275 letalemque
308 2220 419 2271 sonum;
435 2221 482 2258 nee
489 2202 585 2260 fallunt
593 2204 667 2258 iussa
677 2205 796 2276 superbe

142 2279 308 2350 magnanimi
321 2278 401 2333 Iovis.
427 2280 496 2333 llaec
506 2295 555 2350 pru
564 2278 718 2352 virginitate
727 2279 819 2353 reponi

143 2353 202 2419 Quo
212 2351 292 2407 vitem
302 2352 375 2407 dedit
384 2351 532 2407 aeternam?
551 2353 818 2410 Curmortisudemli

90 2435 129 2482 88⁰
147 2424 284 2483 condilio‘l
301 2426 409 2481 Possem
418 2434 502 2482 tentus
512 2426 701 2482 finiredoloree

145 2517 217 2557 nune
230 2507 306 2565 certe,
325 2508 350 2554 et
359 2503 456 2556 misero
470 2500 543 2556 fratri
559 2518 647 2557 comes
661 2502 818 2574 ireperuni

144 2574 305 2634 Immortalis
313 2576 379 2650 egel
388 2584 434 2632 eut
445 2576 592 2648 quidquam
603 2577 671 2631 mihi
681 2577 763 2633 dulee
770 2595 818 2634 me

143 2656 254 2726 tesine.
263 2651 434 2724 inelemerit‘l
450 2650 810 2723 bquemunuufflmt
