1846 3052
256 159 451 205 AENEIDOS
469 160 541 205 LIB.
561 161 619 206 XII.
761 157 811 210 385

61 258 113 316 Ille
123 257 233 330 quidem
243 259 278 313 ad
286 275 405 330 superos,
418 276 533 330 querum
542 277 572 315 se
581 260 763 327 devoraturis,

61 332 648 405 sumedetsama,vivusqueperoreferetur:
826 347 866 390 235

61 425 126 474 nas,
136 409 221 479 patria
233 407 339 473 emissa,
355 408 471 464 dominis
481 425 572 480 parere
580 410 702 480 superbis

114 499 202 547 emur,
213 482 261 553 qui
271 499 342 537 nune
351 481 413 537 lenti
423 483 591 538 consedimus
600 484 681 539 arvis.

62 558 87 613 Τ
115 556 178 612 ihus
186 556 294 611 incensa
303 565 343 611 ast
351 556 479 611 iuvenum
489 558 616 612 sententia
626 557 703 612 dictis

61 631 121 687 iam
130 630 218 705 magis
226 637 305 702 atque
314 631 413 704 magis;
429 632 563 703 serpitque
574 648 621 702 per
629 633 814 706 agminamur-

559 722 632 762 mur.

62 778 388 853 lpeiLeurentesmutati:
409 779 513 850 ipsique
522 780 620 835 Latini.
828 789 868 836 ata

63 853 121 922 Qui
130 853 184 909 eibi
193 854 247 909 iam
257 855 375 925 requiem
385 871 490 926 pugnae
498 854 632 926 rebusque
641 855 753 910 salutem

63 927 218 1001 sperabant,
231 946 303 983 nune
311 946 384 983 arma
393 929 494 993 volunt,
506 927 651 1001 foedusque
664 939 805 1001 precantur

63 1002 205 1065 infectum,
215 1010 242 1057 et
251 1002 333 1057 Turni
345 1009 440 1057 sertem
450 1003 609 1058 miserantur
618 1004 749 1075 iniquam.

63 1077 116 1134 llis
124 1075 199 1131 aliud
207 1077 294 1131 maius
305 1078 414 1131 Iuturna
424 1077 553 1150 adiungit,
565 1086 591 1132 et
600 1077 652 1131 alto

65 1149 329 1223 dateignumme103
350 1167 404 1222 quo
413 1168 466 1205 nen
475 1152 638 1222 praesentius
648 1150 735 1206 ullum
830 1160 869 1206 tte

65 1224 187 1283 turbavit
195 1233 297 1280 mentes
305 1224 392 1290 italas,
404 1233 573 1296 monstroque
581 1224 681 1280 fefellit.

66 1302 193 1372 Namque
204 1299 297 1355 volana
307 1299 386 1355 rubra
395 1298 485 1354 sulvus
494 1300 563 1354 lovis
573 1299 628 1354 ales
638 1300 666 1355 in
675 1300 764 1355 aethra

66 1374 174 1432 litoreas
183 1375 297 1448 agitabat
308 1392 370 1429 aves
380 1373 538 1445 turbamque
546 1382 684 1429 sonantem

68 1449 187 1525 agminis
204 1448 310 1522 aligeri:
331 1449 420 1503 subito
432 1466 517 1520 quum
527 1448 617 1519 lapsus
627 1448 660 1503 ad
671 1447 758 1503 undas

67 1539 186 1599 cyanum
195 1522 363 1579 excellentem
374 1523 486 1594 pedibus
496 1524 564 1595 repit
573 1523 710 1594 improbus
720 1522 805 1578 uncis.
831 1533 870 1576 250

68 1600 200 1656 erexere
208 1598 310 1653 animas
321 1598 387 1661 Itali,
404 1606 564 1668 carnetaeque
573 1597 693 1652 volueres

68 1679 227 1731 convertunt
235 1671 349 1727 clamere
358 1672 449 1745 lugam
459 1671 589 1744 (mirabile
598 1672 676 1745 visu),

70 1746 230 1818 aetheraque
238 1747 380 1801 obscurant
388 1747 493 1818 pennis,
504 1747 660 1818 hostemque
669 1762 718 1817 per
726 1762 803 1800 auras

70 1820 221 1879 temanum
229 1828 367 1891 premunt:
388 1822 610 1887 doneevivictus‚
622 1822 716 1892 etipse

71 1896 188 1971 pondere
197 1894 299 1960 deiecit,
312 1895 491 1967 praedamque
499 1913 532 1951 ex
544 1896 683 1969 unguibus
693 1895 747 1949 alea
832 1904 871 1947 255

71 1970 181 2043 preieait
190 1968 280 2033 lluvio,
291 1970 450 2041 penitusque
458 1971 486 2025 in
496 1969 588 2026 nubila
599 1970 678 2042 fugit.

73 2046 144 2101 'l'um
153 2060 216 2099 vera
226 2045 369 2118 augurium
377 2044 469 2099 Rutuli
478 2043 591 2099 elamore
600 2043 724 2106 salutant.

73 2118 272 2193 expediuntque
281 2136 390 2184 manus;
402 2117 821 2190 primusqueTolumniusaugur‚

75 2194 128 2251 llac
139 2200 205 2258 erat,
216 2193 275 2258 hoo,
286 2194 364 2258 vetis,
380 2193 475 2264 inquit,
487 2192 559 2263 qued
567 2208 644 2261 saepe
650 2190 739 2261 petivi.

74 2268 189 2340 Aeeipio,
200 2283 365 2340 agnoseoque
374 2267 449 2321 dees:
470 2284 522 2331 me,
533 2283 577 2322 ma
585 2265 651 2319 duee
660 2263 759 2320 sermm
834 2274 873 2318 tet

75 2342 205 2414 mrripite‚
216 2358 232 2397 o
245 2341 344 2407 miseri,
354 2358 422 2412 quos
432 2340 571 2412 impmbus
579 2339 680 2396 advena
688 2339 756 2395 bello

76 2418 184 2481 territet,
197 2415 327 2474 invalidae
339 2422 368 2470 ut
377 2432 448 2480 aves,
462 2423 487 2469 et
499 2415 574 2470 litera
582 2422 669 2469 vestre

10 2504 13 2509 '
77 2488 230 2565 ripepulet.
259 2491 330 2544 Petet
339 2489 384 2544 ille
392 2488 492 2561 fugam,
504 2490 663 2562 penitusque
671 2487 802 2560 protunda

10 2542 54 2587 ¹
75 2563 225 2623 madebit.
254 2564 306 2619 Vas
315 2564 435 2619 unanimi
445 2562 552 2619 densete
568 2572 684 2620 catervas

52 2706 55 2711 ¹
74 2648 201 2714 atregem
210 2638 286 2695 vebis
297 2655 389 2713 pugna
398 2636 528 2697 defendite
536 2646 656 2716 raptum.
838 2644 888 2686 aaa

10 2722 16 2735 ’
112 2735 206 2787 taren.
677 2729 735 2785 qq„
