1846 3052
167 155 215 208 108
334 160 362 205 Ρ.
381 156 554 205 VIRGILII
570 155 744 203 macoma

164 257 445 332 gentesubHectorea3
467 255 779 329 donecreginasacerdcs

165 335 247 389 Marte
255 331 344 406 gravis
353 331 491 404 geminem
499 338 576 402 partu
585 331 658 385 dabit
666 331 713 385 Ilia
721 331 836 402 prolem.
861 316 887 389 *v

111 418 150 461 225
164 404 734 479 Indelupaciulvcnutricistegminclaetus
858 461 869 487 x,

166 480 295 536 Romulus
304 481 415 552 excipiet
423 488 540 552 gentem,
551 487 577 534 et
585 480 710 535 Mavortia
720 480 816 537 condet
864 472 903 555 itt

166 556 279 622 moenia,
291 556 475 625 Romanosque
487 571 537 608 suc
547 554 579 609 dc
589 555 695 609 nomine
703 554 780 611 dicet.

166 631 212 684 His
223 647 271 703 ego
280 647 328 684 nec
336 636 421 684 metas
431 645 519 682 rerum
529 645 579 682 nec
587 635 704 700 tempera
713 646 798 700 ponc:

167 704 309 775 imperium
319 705 377 757 sine
386 703 438 757 fine
446 703 515 756 dedi.
535 701 608 768 Quin
617 720 709 773 aspera
717 706 793 769 Iuno,

112 789 151 832 222
166 795 234 850 quae
245 795 317 833 mare
325 794 397 832 nunc
408 785 540 848 terrasque
548 783 622 831 metu
630 776 788 849 coelumque
797 777 894 854 fatigat,

167 852 276 908 consilia
287 852 314 906 in
324 851 419 906 melius
429 850 527 916 referet,
540 868 700 923 mecumque
708 851 809 907 fovebit

168 928 307 993 Romanos,
319 943 406 981 rerum
416 925 545 989 dominos,
560 932 719 998 gentemque
729 933 855 999 togatam.

168 1002 211 1056 Sic
220 1000 355 1073 placitum.
374 1000 465 1055 Veniet
475 999 566 1053 lustris
577 999 727 1054 labentibus
736 1008 817 1067 aetas,

167 1093 253 1147 quum
263 1075 359 1129 domus
369 1072 488 1129 Assaraci
499 1073 622 1127 Phthiam
631 1073 767 1147 clarasque
775 1075 898 1152 Mycenae

113 1160 152 1203 225
167 1149 272 1206 servitio
282 1156 390 1221 premet,
401 1165 432 1203 ac
440 1148 517 1202 victis
526 1148 706 1203 dominabitur
714 1149 806 1222 Argis.

167 1227 294 1279 Nascetur
302 1222 413 1294 pulchra
422 1223 551 1277 Troianus
559 1222 660 1295 origine
670 1223 774 1289 Caesar,

168 1299 310 1370 imperium
318 1296 428 1362 Oceanc,
440 1296 536 1352 famam
547 1297 595 1369 qui
605 1297 726 1352 terminet
734 1298 829 1367 astris;

170 1371 274 1446 [Iulius
287 1389 409 1446 amagnc
418 1371 564 1427 demissum
575 1387 671 1426 nomen
681 1370 757 1447 Iule]

168 1449 245 1500 Hunc
256 1454 285 1501 tu
295 1445 359 1501 olim
369 1445 447 1512 coele,
460 1446 552 1517 spoliis
561 1445 675 1501 Orientis
685 1454 824 1512 onustum,

115 1530 154 1572 222
169 1521 279 1591 accipies
289 1537 393 1588 secura3
415 1521 550 1575 vocabitur
561 1520 605 1574 hic
614 1537 720 1592 quoquc
729 1521 810 1577 notis.

168 1594 267 1666 Aspera
279 1602 335 1647 turn
346 1594 438 1665 positis
448 1595 584 1648 mitescent
592 1593 679 1649 secula
690 1594 775 1651 bellis.

170 1669 240 1725 Cana
250 1667 337 1732 Fides,
349 1675 374 1722 et
383 1668 469 1732 Vesta,
481 1669 562 1723 Reme
571 1685 632 1723 cum
641 1667 720 1724 fratre
729 1668 872 1739 Quirinus,

170 1741 351 1803 iuradahunt;
373 1741 445 1796 dirae
457 1740 523 1797 serre
533 1750 557 1797 et
566 1743 738 1816 compagibus
747 1745 829 1800 arctis

169 1815 323 1871 claudentur
332 1814 396 1870 Belli
405 1823 501 1887 portae.
520 1818 604 1872 Furor
614 1819 713 1888 impius
723 1818 808 1885 intua,

115 1900 154 1944 225
170 1908 247 1946 saeva
256 1889 350 1944 sedens
360 1908 439 1961 super
449 1908 530 1956 arma,
545 1899 570 1945 et
579 1900 684 1946 centum
694 1894 801 1947 vinctus
811 1896 887 1951 aenis

169 1972 229 2038 post
237 1971 339 2038 tergum
351 1965 436 2030 nodis,
452 1965 543 2020 fremet
553 1966 675 2020 horridus
684 1984 729 2021 cre
739 1976 862 2025 cruente.

206 2040 274 2094 Haec
283 2039 326 2105 ait,
338 2046 363 2094 et
371 2040 438 2095 Maia
447 2040 566 2112 genitum
576 2041 687 2094 demittit
695 2042 729 2095 ab
738 2042 801 2107 alto,

170 2122 200 2168 nt
208 2121 298 2179 terrae¹
313 2120 396 2186 utque
405 2131 487 2169 novae
496 2122 601 2185 pateant
610 2115 776 2189 Carthaginis
787 2134 865 2173 arces

170 2188 283 2259 hospitio
293 2189 408 2253 Teucris,
421 2206 454 2242 ne
463 2187 507 2242 sati
518 2189 604 2243 nescia
613 2189 679 2243 Dido

116 2272 155 2314 222
171 2262 270 2317 finibus
280 2271 386 2317 arceret.
406 2262 814 2336 Volatillcperaeramagnum.

171 2337 280 2409 remigio
290 2337 402 2402 alarum,
414 2354 444 2391 ac
453 2337 552 2410 Libyae
561 2337 628 2392 citus
638 2337 738 2391 adstitit
747 2339 816 2394 cris.

170 2413 204 2466 Et
215 2410 266 2464 iam
278 2409 348 2464 iussa
358 2410 432 2479 iacit;
453 2419 608 2483 ponuntque
617 2411 710 2466 feracia
723 2414 806 2468 Posui

171 2484 257 2549 corda,
271 2484 374 2539 volente
383 2485 440 2539 dec.
461 2485 594 2556 Inprimis
608 2487 698 2559 regina
707 2487 833 2558 quietum

172 2560 264 2630 accipit
273 2558 301 2613 in
311 2559 423 2614 Teucros
433 2559 553 2614 animum
563 2569 732 2632 mentemque
741 2561 903 2636 benignam.

108 2642 152 2687 ace
203 2634 239 2692 rit
250 2634 311 2711 pius
321 2632 433 2703 Aeneas,
444 2652 490 2709 ner
499 2635 726 2708 nectemnlurima
738 2635 866 2705 volvens.
