1846 3052
163 146 213 199 392
330 151 361 197 Ρ.
379 146 742 197 v1uG1L11oaauorus

164 249 482 313 Archetiumldnestbeus,
490 245 637 320 Epulonem
644 247 901 317 obtruncatAchates,

109 333 150 380 tet
164 324 337 397 Ufentemque
345 323 430 397 Gyas3
451 323 522 377 cadit
530 323 588 393 ipso
596 321 757 378 Tolumnius
766 340 861 398 augur,

164 401 269 471 primus
277 399 306 454 in
315 398 439 453 adversos
449 396 531 452 telum
540 397 589 468 qui
597 403 709 451 torserat
718 398 819 456 hostes.

165 473 276 529 Tollitur
284 473 313 528 in
322 472 426 528 coelum
436 471 542 536 clamor,
555 472 680 542 versique
687 473 811 529 vicissim

164 546 347 620 pulverulenta
357 547 420 620 luga
430 547 522 602 Rutuli
532 547 596 601 dant
604 552 677 619 terga
688 562 737 618 per
749 565 838 621 agros.

165 625 225 694 lpse
236 639 323 694 neque
335 639 440 678 aversos
450 622 575 694 dignatur
583 628 698 675 sternere
707 623 801 693 morti;

111 705 151 753 tte
165 714 214 754 neo
221 697 289 768 pede
298 713 452 770 congressos
463 713 555 767 aequo,
567 712 616 750 neo
623 695 675 750 tela
688 695 803 752 ferentes

166 772 329 842 insequitur:
350 771 437 826 solum
446 770 526 826 denso
537 771 565 825 in
575 769 689 843 caligine
696 772 823 827 Turnum

166 846 278 918 vestigat
286 846 411 910 lustrans,
425 845 513 900 solum
522 845 551 900 in
561 845 703 899 certamina
713 847 808 916 poscit.

166 921 221 975 Hoc
228 936 356 975 oonoussa
365 927 437 975 metu
451 927 566 975 mentem
576 921 686 974 Iuturna
694 921 790 994 virago

167 995 288 1068 aurigam
296 995 379 1050 Turni
389 995 475 1049 media
488 995 555 1049 inter
564 994 619 1049 lora
630 995 772 1049 Metiscum

112 1077 153 1124 tro
167 1070 274 1134 excutit,
286 1076 311 1124 et
319 1069 397 1142 longe
407 1069 511 1140 lapsum
521 1076 624 1123 temone
633 1068 771 1140 relinquit.

167 1145 228 1214 Ipsa
236 1144 317 1209 subit,
330 1145 507 1216 manibusque
516 1143 646 1198 undantes
655 1142 736 1199 flectit
744 1145 871 1211 habenas,

166 1225 260 1272 cuncta
271 1235 376 1291 gerens,
382 1235 535 1290 vocemque,
542 1225 567 1272 et
574 1234 680 1289 eorpus,
688 1226 715 1272 et
724 1235 798 1274 arma
803 1220 908 1276 Metisci.

167 1293 249 1365 Nigra
259 1291 333 1348 velut
340 1310 452 1366 magnas
464 1293 566 1348 domini
576 1309 662 1364 quum
671 1293 764 1348 divitis
776 1295 856 1350 aedes

167 1366 293 1437 pervolat,
305 1374 330 1422 st
338 1367 434 1439 pennis
443 1367 494 1422 alta
504 1368 568 1422 atria
581 1367 677 1421 lustrat
685 1367 815 1434 hirundo,

113 1449 153 1494 475
167 1441 265 1512 pabula
273 1459 355 1512 parva
365 1442 455 1515 legens
465 1441 590 1513 nidisque
599 1441 757 1513 loquacibus
766 1460 855 1514 esces;

167 1524 194 1570 et
204 1532 276 1569 nunc
284 1517 428 1586 porticibus
439 1517 538 1581 vacuis,
550 1533 623 1571 nunc
631 1516 744 1572 humida
753 1519 857 1574 circum

169 1600 262 1662 stagna
274 1599 363 1645 sonat:
384 1591 481 1645 similis
491 1591 593 1646 medios
601 1592 712 1646 luturna
721 1608 769 1662 per
780 1593 870 1648 hostes

168 1663 250 1718 fertur
258 1665 343 1734 equis,
359 1666 504 1738 rapidoque
513 1665 607 1721 volans
618 1665 673 1720 obit
681 1667 772 1722 omnia
782 1684 877 1736 cumn,

170 1738 494 1811 iamquehicgermanum,
503 1740 911 1812 iamquehicostentatovautem3

114 1821 155 1868 let
169 1829 217 1867 nec
224 1811 340 1867 conterre
348 1830 459 1869 manum
466 1816 576 1885 patitur:
596 1814 668 1869 volat
676 1817 736 1870 avia
748 1815 839 1890 longe.

169 1887 247 1942 Haud
257 1887 347 1942 minus
356 1887 457 1943 Aeneas
467 1897 547 1944 tortos
557 1889 620 1962 legit
628 1889 725 1944 obvius
733 1891 824 1957 orbes,

170 1965 334 2035 vestigatque
343 1963 442 2027 virum,
454 1971 479 2017 et
488 1963 594 2018 disiecta
603 1981 650 2034 per
659 1965 768 2036 agmina
782 1984 881 2041 magna

170 2044 326 2093 vooevooat.
354 2037 462 2103 Quoties
471 2038 560 2093 oculos
570 2039 679 2092 ooniecit
689 2039 717 2092 iu
728 2039 843 2107 hostem,

170 2111 358 2184 alipedumque
366 2111 456 2185 lugam
466 2129 546 2166 cursu
556 2113 664 2167 tentavit
673 2129 823 2184 equorum:

116 2193 155 2240 485
170 2203 275 2241 aversos
287 2187 362 2241 toties
371 2203 465 2241 currus
475 2188 583 2242 Iuturna
596 2187 709 2243 retorsit.

170 2262 237 2325 lieu,
248 2261 315 2331 quid
325 2260 402 2334 agat‘l
411 2262 489 2318 Vario
498 2261 680 2333 nequidquam
689 2260 802 2316 fluctuat
811 2270 898 2331 acstu;

171 2334 343 2405 diversaeque
353 2344 446 2391 vocant
455 2337 574 2390 animum
585 2337 613 2391 io
622 2337 752 2391 contraria
762 2353 851 2393 curae.

172 2409 239 2464 Huic
247 2409 393 2479 Messapus,
408 2411 448 2465 uti
458 2411 532 2467 laevo
541 2410 594 2465 duo
603 2410 667 2465 forte
676 2411 787 2482 gerebat

173 2483 250 2548 lenta,
264 2481 330 2537 levis
339 2500 429 2548 cursu,
440 2485 556 2556 praefixa
565 2485 669 2539 hastilia
678 2484 757 2550 ferro,

117 2565 158 2613 49⁰
172 2557 270 2615 horum
281 2575 368 2614 unum
376 2567 445 2613 oerto
454 2567 627 2630 contorquens
636 2559 729 2632 dirigit
738 2561 804 2616 iotu.

171 2636 300 2698 Substitit
310 2634 427 2704 baneas,
434 2642 461 2691 et
468 2652 500 2691 se
507 2633 741 2704 eollegit'marmn,
