<?xml version="1.0" encoding="UTF-8"?>
<!DOCTYPE html PUBLIC "-//W3C//DTD XHTML 1.0 Transitional//EN"
    "http://www.w3.org/TR/xhtml1/DTD/xhtml1-transitional.dtd">
<html xmlns="http://www.w3.org/1999/xhtml" xml:lang="en" lang="en">
 <head>
  <title>
</title>
<meta http-equiv="Content-Type" content="text/html;charset=utf-8" />
  <meta name='ocr-system' content='tesseract 3.04.00' />
  <meta name='ocr-capabilities' content='ocr_page ocr_carea ocr_par ocr_line ocrx_word'/>
</head>
<body>
  <div class='ocr_page' id='page_1' title='image "./publivergilimar00virggoog/publivergilimar00virggoog_0444.png"; bbox 0 0 1846 3052; ppageno 0'>
   <div class='ocr_carea' id='block_1_1' title="bbox 292 341 731 397">
    <p class='ocr_par' dir='ltr' id='par_1_1' title="bbox 292 341 731 397">
     <span class='ocr_line' id='line_1_1' title="bbox 292 341 731 397; baseline 0.014 -9"><span class='ocrx_word' id='word_1_1' title='bbox 292 341 442 390; x_wconf 66' lang='lat' dir='ltr'><strong>cuns·</strong></span> <span class='ocrx_word' id='word_1_2' title='bbox 682 341 731 397; x_wconf 63' lang='lat'>129</span> 
     </span>
    </p>
   </div>
   <div class='ocr_carea' id='block_1_2' title="bbox 9 439 785 2819">
    <p class='ocr_par' dir='ltr' id='par_1_2' title="bbox 9 439 785 2752">
     <span class='ocr_line' id='line_1_2' title="bbox 10 439 631 511; baseline 0.006 -16"><span class='ocrx_word' id='word_1_3' title='bbox 10 457 59 495; x_wconf 90' lang='lat' dir='ltr'>uae</span> <span class='ocrx_word' id='word_1_4' title='bbox 68 439 144 511; x_wconf 89' lang='lat' dir='ltr'>prius</span> <span class='ocrx_word' id='word_1_5' title='bbox 154 439 182 495; x_wconf 89' lang='lat' dir='ltr'>in</span> <span class='ocrx_word' id='word_1_6' title='bbox 192 441 265 497; x_wconf 90' lang='lat' dir='ltr'>tenui</span> <span class='ocrx_word' id='word_1_7' title='bbox 274 447 377 497; x_wconf 82' lang='lat' dir='ltr'>steterat</span> <span class='ocrx_word' id='word_1_8' title='bbox 386 444 518 500; x_wconf 77' lang='lat' dir='ltr'>succincte</span> <span class='ocrx_word' id='word_1_9' title='bbox 527 461 631 501; x_wconf 81' lang='lat' dir='ltr'>uerene.</span> 
     </span>
     <span class='ocr_line' id='line_1_3' title="bbox 10 513 630 594; baseline 0.011 -25"><span class='ocrx_word' id='word_1_10' title='bbox 10 513 82 570; x_wconf 86' lang='lat' dir='ltr'>ulcia</span> <span class='ocrx_word' id='word_1_11' title='bbox 92 513 187 570; x_wconf 89' lang='lat' dir='ltr'>deinde</span> <span class='ocrx_word' id='word_1_12' title='bbox 195 516 271 589; x_wconf 81' lang='lat' dir='ltr'>genis</span> <span class='ocrx_word' id='word_1_13' title='bbox 280 517 430 573; x_wconf 87' lang='lat' dir='ltr'>rorantibus</span> <span class='ocrx_word' id='word_1_14' title='bbox 437 519 527 575; x_wconf 84' lang='lat' dir='ltr'>escula</span> <span class='ocrx_word' id='word_1_15' title='bbox 536 519 630 594; x_wconf 82' lang='lat' dir='ltr'>figens.</span> 
     </span>
     <span class='ocr_line' id='line_1_4' title="bbox 10 590 634 664; baseline 0.008 -19"><span class='ocrx_word' id='word_1_16' title='bbox 10 590 158 660; x_wconf 86' lang='lat' dir='ltr'>ersequitur</span> <span class='ocrx_word' id='word_1_17' title='bbox 167 592 278 646; x_wconf 77' lang='lat' dir='ltr'>miserae</span> <span class='ocrx_word' id='word_1_18' title='bbox 286 608 393 647; x_wconf 80' lang='lat' dir='ltr'>caussas</span> <span class='ocrx_word' id='word_1_19' title='bbox 405 594 544 664; x_wconf 75' lang='lat' dir='ltr'>exquirere</span> <span class='ocrx_word' id='word_1_20' title='bbox 552 595 634 663; x_wconf 81' lang='lat' dir='ltr'>tabis;</span> 
     </span>
     <span class='ocr_line' id='line_1_5' title="bbox 10 664 785 738; baseline 0.003 -18"><span class='ocrx_word' id='word_1_21' title='bbox 10 682 38 720; x_wconf 85' lang='lat' dir='ltr'>ec</span> <span class='ocrx_word' id='word_1_22' title='bbox 47 672 136 719; x_wconf 85' lang='lat' dir='ltr'>temen</span> <span class='ocrx_word' id='word_1_23' title='bbox 145 671 206 720; x_wconf 87' lang='lat' dir='ltr'>ente</span> <span class='ocrx_word' id='word_1_24' title='bbox 215 664 283 720; x_wconf 88' lang='lat' dir='ltr'>ullas</span> <span class='ocrx_word' id='word_1_25' title='bbox 294 666 392 738; x_wconf 89' lang='lat' dir='ltr'>patitur</span> <span class='ocrx_word' id='word_1_26' title='bbox 402 667 454 722; x_wconf 90' lang='lat' dir='ltr'>sibi</span> <span class='ocrx_word' id='word_1_27' title='bbox 462 667 569 724; x_wconf 87' lang='lat' dir='ltr'>reddere</span> <span class='ocrx_word' id='word_1_28' title='bbox 579 686 664 734; x_wconf 80' lang='lat' dir='ltr'>voees,</span> <span class='ocrx_word' id='word_1_29' title='bbox 747 680 785 723; x_wconf 79' lang='lat'>255</span> 
     </span>
     <span class='ocr_line' id='line_1_6' title="bbox 9 740 733 814; baseline 0.003 -19"><span class='ocrx_word' id='word_1_30' title='bbox 9 755 170 795; x_wconf 88' lang='lat' dir='ltr'>mrmoreum</span> <span class='ocrx_word' id='word_1_31' title='bbox 182 740 354 797; x_wconf 80' lang='lat' dir='ltr'>tremebunde</span> <span class='ocrx_word' id='word_1_32' title='bbox 363 741 456 813; x_wconf 88' lang='lat' dir='ltr'>pedem</span> <span class='ocrx_word' id='word_1_33' title='bbox 467 759 549 814; x_wconf 90' lang='lat' dir='ltr'>quam</span> <span class='ocrx_word' id='word_1_34' title='bbox 559 743 648 799; x_wconf 86' lang='lat' dir='ltr'>retulit</span> <span class='ocrx_word' id='word_1_35' title='bbox 656 743 733 799; x_wconf 88' lang='lat' dir='ltr'>iutra.</span> 
     </span>
     <span class='ocr_line' id='line_1_7' title="bbox 11 812 735 891; baseline 0.004 -22"><span class='ocrx_word' id='word_1_36' title='bbox 11 814 36 870; x_wconf 89' lang='lat' dir='ltr'>la</span> <span class='ocrx_word' id='word_1_37' title='bbox 44 812 456 888; x_wconf 80' lang='lat' dir='ltr'>autem‚Quidnuuome‚iaquit,</span> <span class='ocrx_word' id='word_1_38' title='bbox 465 818 605 884; x_wconf 80' lang='lat' dir='ltr'>nutricula,</span> <span class='ocrx_word' id='word_1_39' title='bbox 611 818 735 891; x_wconf 72' lang='lat' dir='ltr'>torques?</span> 
     </span>
     <span class='ocr_line' id='line_1_8' title="bbox 10 889 660 961; baseline 0.005 -17"><span class='ocrx_word' id='word_1_40' title='bbox 10 889 58 945; x_wconf 90' lang='lat' dir='ltr'>uid</span> <span class='ocrx_word' id='word_1_41' title='bbox 67 896 169 944; x_wconf 87' lang='lat' dir='ltr'>tantum</span> <span class='ocrx_word' id='word_1_42' title='bbox 179 906 303 961; x_wconf 87' lang='lat' dir='ltr'>properes</span> <span class='ocrx_word' id='word_1_43' title='bbox 316 901 419 945; x_wconf 88' lang='lat' dir='ltr'>nostros</span> <span class='ocrx_word' id='word_1_44' title='bbox 428 892 534 947; x_wconf 85' lang='lat' dir='ltr'>novisse</span> <span class='ocrx_word' id='word_1_45' title='bbox 542 891 660 949; x_wconf 75' lang='lat' dir='ltr'>furores?</span> 
     </span>
     <span class='ocr_line' id='line_1_9' title="bbox 10 964 592 1036; baseline 0.005 -16"><span class='ocrx_word' id='word_1_46' title='bbox 10 967 49 1020; x_wconf 88' lang='lat' dir='ltr'>&#39;on</span> <span class='ocrx_word' id='word_1_47' title='bbox 63 980 112 1036; x_wconf 82' lang='lat' dir='ltr'>ego</span> <span class='ocrx_word' id='word_1_48' title='bbox 123 973 247 1019; x_wconf 83' lang='lat' dir='ltr'>consueto</span> <span class='ocrx_word' id='word_1_49' title='bbox 260 964 415 1021; x_wconf 80' lang='lat' dir='ltr'>mortalibus</span> <span class='ocrx_word' id='word_1_50' title='bbox 424 983 487 1021; x_wconf 88' lang='lat' dir='ltr'>uror</span> <span class='ocrx_word' id='word_1_51' title='bbox 496 983 592 1033; x_wconf 84' lang='lat' dir='ltr'>amore,</span> 
     </span>
     <span class='ocr_line' id='line_1_10' title="bbox 10 1038 785 1106; baseline 0 -11"><span class='ocrx_word' id='word_1_52' title='bbox 10 1039 117 1095; x_wconf 83' lang='lat' dir='ltr'>ecmihi</span> <span class='ocrx_word' id='word_1_53' title='bbox 127 1045 249 1093; x_wconf 88' lang='lat' dir='ltr'>notorum</span> <span class='ocrx_word' id='word_1_54' title='bbox 258 1038 398 1095; x_wconf 85' lang='lat' dir='ltr'>deflectunt</span> <span class='ocrx_word' id='word_1_55' title='bbox 407 1039 509 1096; x_wconf 89' lang='lat' dir='ltr'>lumina</span> <span class='ocrx_word' id='word_1_56' title='bbox 519 1042 619 1106; x_wconf 83' lang='lat' dir='ltr'>vultus,</span> <span class='ocrx_word' id='word_1_57' title='bbox 745 1052 785 1096; x_wconf 71' lang='lat' dir='ltr'>atu</span> 
     </span>
     <span class='ocr_line' id='line_1_11' title="bbox 10 1113 737 1188; baseline 0.001 -19"><span class='ocrx_word' id='word_1_58' title='bbox 10 1113 151 1186; x_wconf 78' lang='lat' dir='ltr'>regenitor</span> <span class='ocrx_word' id='word_1_59' title='bbox 159 1113 230 1168; x_wconf 87' lang='lat' dir='ltr'>cordi</span> <span class='ocrx_word' id='word_1_60' title='bbox 243 1121 297 1168; x_wconf 88' lang='lat' dir='ltr'>est:</span> <span class='ocrx_word' id='word_1_61' title='bbox 319 1113 388 1170; x_wconf 91' lang='lat' dir='ltr'>ultro</span> <span class='ocrx_word' id='word_1_62' title='bbox 398 1117 628 1188; x_wconf 88' lang='lat' dir='ltr'>namqueodimus</span> <span class='ocrx_word' id='word_1_63' title='bbox 638 1133 737 1172; x_wconf 89' lang='lat' dir='ltr'>omnes.</span> 
     </span>
     <span class='ocr_line' id='line_1_12' title="bbox 10 1187 703 1262; baseline 0.001 -19"><span class='ocrx_word' id='word_1_64' title='bbox 10 1188 30 1243; x_wconf 93' lang='lat' dir='ltr'>il</span> <span class='ocrx_word' id='word_1_65' title='bbox 42 1195 116 1242; x_wconf 87' lang='lat' dir='ltr'>emet</span> <span class='ocrx_word' id='word_1_66' title='bbox 125 1187 168 1242; x_wconf 83' lang='lat' dir='ltr'>hie</span> <span class='ocrx_word' id='word_1_67' title='bbox 180 1189 296 1252; x_wconf 81' lang='lat' dir='ltr'>animus,</span> <span class='ocrx_word' id='word_1_68' title='bbox 309 1190 409 1255; x_wconf 76' lang='lat' dir='ltr'>nutrix,</span> <span class='ocrx_word' id='word_1_69' title='bbox 422 1191 494 1261; x_wconf 89' lang='lat' dir='ltr'>qued</span> <span class='ocrx_word' id='word_1_70' title='bbox 503 1199 602 1262; x_wconf 86' lang='lat' dir='ltr'>opertet</span> <span class='ocrx_word' id='word_1_71' title='bbox 611 1193 703 1255; x_wconf 80' lang='lat' dir='ltr'>amari,</span> 
     </span>
     <span class='ocr_line' id='line_1_13' title="bbox 10 1261 567 1337; baseline 0.002 -18"><span class='ocrx_word' id='word_1_72' title='bbox 10 1290 13 1319; x_wconf 78' lang='grc' dir='ltr'><strong>ι</strong></span> <span class='ocrx_word' id='word_1_73' title='bbox 25 1279 83 1334; x_wconf 90' lang='lat' dir='ltr'>quo</span> <span class='ocrx_word' id='word_1_74' title='bbox 95 1261 159 1317; x_wconf 81' lang='lat' dir='ltr'>falsa</span> <span class='ocrx_word' id='word_1_75' title='bbox 170 1271 258 1318; x_wconf 87' lang='lat' dir='ltr'>tamen</span> <span class='ocrx_word' id='word_1_76' title='bbox 268 1262 344 1319; x_wconf 88' lang='lat' dir='ltr'>lateat</span> <span class='ocrx_word' id='word_1_77' title='bbox 353 1265 456 1336; x_wconf 86' lang='lat' dir='ltr'>pietatis</span> <span class='ocrx_word' id='word_1_78' title='bbox 466 1266 567 1337; x_wconf 80' lang='lat' dir='ltr'>imago:</span> 
     </span>
     <span class='ocr_line' id='line_1_14' title="bbox 10 1336 709 1403; baseline 0 -10"><span class='ocrx_word' id='word_1_79' title='bbox 10 1338 34 1393; x_wconf 85' lang='lat' dir='ltr'>d</span> <span class='ocrx_word' id='word_1_80' title='bbox 47 1336 134 1391; x_wconf 88' lang='lat' dir='ltr'>media</span> <span class='ocrx_word' id='word_1_81' title='bbox 144 1354 180 1392; x_wconf 86' lang='lat' dir='ltr'>ex</span> <span class='ocrx_word' id='word_1_82' title='bbox 188 1338 251 1402; x_wconf 85' lang='lat' dir='ltr'>acie,</span> <span class='ocrx_word' id='word_1_83' title='bbox 263 1338 358 1392; x_wconf 88' lang='lat' dir='ltr'>mediis</span> <span class='ocrx_word' id='word_1_84' title='bbox 368 1357 402 1393; x_wconf 82' lang='lat' dir='ltr'>ex</span> <span class='ocrx_word' id='word_1_85' title='bbox 411 1339 541 1394; x_wconf 79' lang='lat' dir='ltr'>hostibus.</span> <span class='ocrx_word' id='word_1_86' title='bbox 571 1340 636 1403; x_wconf 88' lang='lat' dir='ltr'>Heu,</span> <span class='ocrx_word' id='word_1_87' title='bbox 648 1339 709 1403; x_wconf 84' lang='lat' dir='ltr'>beu,</span> 
     </span>
     <span class='ocr_line' id='line_1_15' title="bbox 10 1411 784 1484; baseline -0.001 -16"><span class='ocrx_word' id='word_1_88' title='bbox 10 1411 58 1468; x_wconf 84' lang='lat' dir='ltr'>rid</span> <span class='ocrx_word' id='word_1_89' title='bbox 68 1411 172 1465; x_wconf 78' lang='lat' dir='ltr'>dicem?</span> <span class='ocrx_word' id='word_1_90' title='bbox 190 1430 277 1484; x_wconf 85' lang='lat' dir='ltr'>quove</span> <span class='ocrx_word' id='word_1_91' title='bbox 286 1412 343 1483; x_wconf 87' lang='lat' dir='ltr'>ipse</span> <span class='ocrx_word' id='word_1_92' title='bbox 353 1413 454 1468; x_wconf 92' lang='lat' dir='ltr'>malum</span> <span class='ocrx_word' id='word_1_93' title='bbox 465 1413 515 1467; x_wconf 85' lang='lat' dir='ltr'>boe</span> <span class='ocrx_word' id='word_1_94' title='bbox 523 1413 644 1468; x_wconf 82' lang='lat' dir='ltr'>exordiar</span> <span class='ocrx_word' id='word_1_95' title='bbox 652 1413 713 1468; x_wconf 78' lang='lat' dir='ltr'>ore‘?</span> <span class='ocrx_word' id='word_1_96' title='bbox 745 1425 784 1467; x_wconf 75' lang='lat'>2⁶5</span> 
     </span>
     <span class='ocr_line' id='line_1_16' title="bbox 10 1486 740 1559; baseline 0.001 -17"><span class='ocrx_word' id='word_1_97' title='bbox 10 1490 81 1542; x_wconf 88' lang='lat' dir='ltr'>icam</span> <span class='ocrx_word' id='word_1_98' title='bbox 92 1486 229 1557; x_wconf 89' lang='lat' dir='ltr'>equidem:</span> <span class='ocrx_word' id='word_1_99' title='bbox 240 1489 368 1558; x_wconf 80' lang='lat' dir='ltr'>quoniam</span> <span class='ocrx_word' id='word_1_100' title='bbox 373 1488 438 1559; x_wconf 91' lang='lat' dir='ltr'>quid</span> <span class='ocrx_word' id='word_1_101' title='bbox 448 1495 477 1543; x_wconf 89' lang='lat' dir='ltr'>tu</span> <span class='ocrx_word' id='word_1_102' title='bbox 484 1487 532 1541; x_wconf 91' lang='lat' dir='ltr'>tibi</span> <span class='ocrx_word' id='word_1_103' title='bbox 538 1487 632 1553; x_wconf 87' lang='lat' dir='ltr'>dieere,</span> <span class='ocrx_word' id='word_1_104' title='bbox 640 1489 740 1552; x_wconf 85' lang='lat' dir='ltr'>nutrix,</span> 
     </span>
     <span class='ocr_line' id='line_1_17' title="bbox 10 1559 737 1619; baseline -0.004 0"><span class='ocrx_word' id='word_1_105' title='bbox 10 1581 43 1619; x_wconf 80' lang='lat' dir='ltr'>&gt;n</span> <span class='ocrx_word' id='word_1_106' title='bbox 57 1559 142 1614; x_wconf 80' lang='lat' dir='ltr'>sinis?</span> <span class='ocrx_word' id='word_1_107' title='bbox 162 1569 309 1616; x_wconf 86' lang='lat' dir='ltr'>extremum</span> <span class='ocrx_word' id='word_1_108' title='bbox 320 1563 369 1617; x_wconf 84' lang='lat' dir='ltr'>boc</span> <span class='ocrx_word' id='word_1_109' title='bbox 379 1579 478 1617; x_wconf 90' lang='lat' dir='ltr'>munus</span> <span class='ocrx_word' id='word_1_110' title='bbox 487 1563 622 1618; x_wconf 83' lang='lat' dir='ltr'>morientis</span> <span class='ocrx_word' id='word_1_111' title='bbox 634 1562 737 1619; x_wconf 83' lang='lat' dir='ltr'>hebeto.</span> 
     </span>
     <span class='ocr_line' id='line_1_18' title="bbox 10 1635 670 1707; baseline -0.002 -15"><span class='ocrx_word' id='word_1_112' title='bbox 10 1638 45 1701; x_wconf 84' lang='lat' dir='ltr'>le,</span> <span class='ocrx_word' id='word_1_113' title='bbox 58 1635 142 1700; x_wconf 81' lang='lat' dir='ltr'>vides,</span> <span class='ocrx_word' id='word_1_114' title='bbox 155 1637 252 1691; x_wconf 87' lang='lat' dir='ltr'>nestris</span> <span class='ocrx_word' id='word_1_115' title='bbox 260 1639 306 1707; x_wconf 90' lang='lat' dir='ltr'>qui</span> <span class='ocrx_word' id='word_1_116' title='bbox 318 1637 458 1692; x_wconf 82' lang='lat' dir='ltr'>moenibus</span> <span class='ocrx_word' id='word_1_117' title='bbox 467 1637 568 1692; x_wconf 81' lang='lat' dir='ltr'>adsidet</span> <span class='ocrx_word' id='word_1_118' title='bbox 576 1637 670 1700; x_wconf 86' lang='lat' dir='ltr'>hostie,</span> 
     </span>
     <span class='ocr_line' id='line_1_19' title="bbox 10 1712 651 1782; baseline -0.002 -14"><span class='ocrx_word' id='word_1_119' title='bbox 10 1729 73 1768; x_wconf 83' lang='lat' dir='ltr'>rem</span> <span class='ocrx_word' id='word_1_120' title='bbox 82 1718 154 1781; x_wconf 87' lang='lat' dir='ltr'>peter</span> <span class='ocrx_word' id='word_1_121' title='bbox 164 1713 219 1781; x_wconf 85' lang='lat' dir='ltr'>ipse</span> <span class='ocrx_word' id='word_1_122' title='bbox 228 1712 311 1765; x_wconf 82' lang='lat' dir='ltr'>Deum</span> <span class='ocrx_word' id='word_1_123' title='bbox 322 1713 415 1782; x_wconf 82' lang='lat' dir='ltr'>sceptri</span> <span class='ocrx_word' id='word_1_124' title='bbox 429 1712 536 1767; x_wconf 89' lang='lat' dir='ltr'>donavit</span> <span class='ocrx_word' id='word_1_125' title='bbox 545 1712 651 1776; x_wconf 86' lang='lat' dir='ltr'>bonore,</span> 
     </span>
     <span class='ocr_line' id='line_1_20' title="bbox 10 1785 784 1842; baseline -0.004 -1"><span class='ocrx_word' id='word_1_126' title='bbox 10 1788 31 1842; x_wconf 85' lang='lat' dir='ltr'>ri</span> <span class='ocrx_word' id='word_1_127' title='bbox 42 1787 137 1840; x_wconf 86' lang='lat' dir='ltr'>Parcae</span> <span class='ocrx_word' id='word_1_128' title='bbox 147 1786 261 1840; x_wconf 86' lang='lat' dir='ltr'>tribuere</span> <span class='ocrx_word' id='word_1_129' title='bbox 270 1804 317 1840; x_wconf 88' lang='lat' dir='ltr'>nee</span> <span class='ocrx_word' id='word_1_130' title='bbox 327 1786 381 1841; x_wconf 86' lang='lat' dir='ltr'>uilo</span> <span class='ocrx_word' id='word_1_131' title='bbox 391 1786 499 1841; x_wconf 86' lang='lat' dir='ltr'>vulnere</span> <span class='ocrx_word' id='word_1_132' title='bbox 510 1785 592 1841; x_wconf 86' lang='lat' dir='ltr'>laedi:</span> <span class='ocrx_word' id='word_1_133' title='bbox 745 1796 784 1838; x_wconf 67' lang='lat'>270</span> 
     </span>
     <span class='ocr_line' id='line_1_21' title="bbox 12 1859 692 1927; baseline -0.003 -12"><span class='ocrx_word' id='word_1_134' title='bbox 12 1859 133 1915; x_wconf 81' lang='lat' dir='ltr'>cendum</span> <span class='ocrx_word' id='word_1_135' title='bbox 143 1869 191 1924; x_wconf 83' lang='lat' dir='ltr'>est,</span> <span class='ocrx_word' id='word_1_136' title='bbox 204 1860 299 1915; x_wconf 79' lang='lat' dir='ltr'>frustra</span> <span class='ocrx_word' id='word_1_137' title='bbox 308 1861 585 1916; x_wconf 87' lang='lat' dir='ltr'>circuruvehoromnia</span> <span class='ocrx_word' id='word_1_138' title='bbox 595 1860 692 1927; x_wconf 83' lang='lat' dir='ltr'>verbis,</span> 
     </span>
     <span class='ocr_line' id='line_1_22' title="bbox 10 1934 663 2007; baseline -0.003 -16"><span class='ocrx_word' id='word_1_139' title='bbox 10 1937 34 1991; x_wconf 86' lang='lat' dir='ltr'>le</span> <span class='ocrx_word' id='word_1_140' title='bbox 46 1952 114 1999; x_wconf 80' lang='lat' dir='ltr'>mee,</span> <span class='ocrx_word' id='word_1_141' title='bbox 131 1934 175 1989; x_wconf 87' lang='lat' dir='ltr'>iile</span> <span class='ocrx_word' id='word_1_142' title='bbox 185 1936 255 1989; x_wconf 89' lang='lat' dir='ltr'>idern</span> <span class='ocrx_word' id='word_1_143' title='bbox 265 1943 400 2007; x_wconf 79' lang='lat' dir='ltr'>oppugnat</span> <span class='ocrx_word' id='word_1_144' title='bbox 410 1935 558 2005; x_wconf 73' lang='lat' dir='ltr'>praoeordie</span> <span class='ocrx_word' id='word_1_145' title='bbox 568 1935 663 1991; x_wconf 87' lang='lat' dir='ltr'>Minos.</span> 
     </span>
     <span class='ocr_line' id='line_1_23' title="bbox 10 2009 624 2080; baseline -0.005 -13"><span class='ocrx_word' id='word_1_146' title='bbox 10 2009 68 2067; x_wconf 88' lang='lat' dir='ltr'>uod</span> <span class='ocrx_word' id='word_1_147' title='bbox 79 2017 103 2064; x_wconf 87' lang='lat' dir='ltr'>te</span> <span class='ocrx_word' id='word_1_148' title='bbox 112 2026 159 2080; x_wconf 85' lang='lat' dir='ltr'>per</span> <span class='ocrx_word' id='word_1_149' title='bbox 168 2010 264 2064; x_wconf 81' lang='lat' dir='ltr'>Divum</span> <span class='ocrx_word' id='word_1_150' title='bbox 278 2009 381 2063; x_wconf 87' lang='lat' dir='ltr'>crebros</span> <span class='ocrx_word' id='word_1_151' title='bbox 391 2010 504 2065; x_wconf 81' lang='lat' dir='ltr'>obtestor</span> <span class='ocrx_word' id='word_1_152' title='bbox 512 2027 624 2075; x_wconf 83' lang='lat' dir='ltr'>amores,</span> 
     </span>
     <span class='ocr_line' id='line_1_24' title="bbox 10 2084 736 2156; baseline -0.006 -14"><span class='ocrx_word' id='word_1_153' title='bbox 10 2101 91 2156; x_wconf 82' lang='lat' dir='ltr'>rrque</span> <span class='ocrx_word' id='word_1_154' title='bbox 99 2084 736 2156; x_wconf 87' lang='lat' dir='ltr'>tuummemorishaustummihipertuselumnae,</span> 
     </span>
     <span class='ocr_line' id='line_1_25' title="bbox 10 2158 784 2230; baseline -0.009 -14"><span class='ocrx_word' id='word_1_155' title='bbox 10 2182 15 2216; x_wconf 83' lang='lat'><strong>;</strong></span> <span class='ocrx_word' id='word_1_156' title='bbox 28 2177 83 2221; x_wconf 78' lang='lat' dir='ltr'>me.</span> <span class='ocrx_word' id='word_1_157' title='bbox 95 2159 118 2212; x_wconf 92' lang='lat' dir='ltr'>si</span> <span class='ocrx_word' id='word_1_158' title='bbox 127 2176 230 2214; x_wconf 85' lang='lat' dir='ltr'>servare</span> <span class='ocrx_word' id='word_1_159' title='bbox 238 2169 320 2229; x_wconf 82' lang='lat' dir='ltr'>potes,</span> <span class='ocrx_word' id='word_1_160' title='bbox 333 2177 366 2214; x_wconf 86' lang='lat' dir='ltr'>ne</span> <span class='ocrx_word' id='word_1_161' title='bbox 375 2159 482 2230; x_wconf 86' lang='lat' dir='ltr'>perdere</span> <span class='ocrx_word' id='word_1_162' title='bbox 494 2158 580 2214; x_wconf 87' lang='lat' dir='ltr'>melis.</span> <span class='ocrx_word' id='word_1_163' title='bbox 746 2168 784 2209; x_wconf 70' lang='lat'>255</span> 
     </span>
     <span class='ocr_line' id='line_1_26' title="bbox 10 2233 569 2304; baseline -0.007 -14"><span class='ocrx_word' id='word_1_164' title='bbox 10 2253 35 2290; x_wconf 78' lang='grc' dir='ltr'>,η</span> <span class='ocrx_word' id='word_1_165' title='bbox 46 2240 135 2288; x_wconf 85' lang='lat' dir='ltr'>autem</span> <span class='ocrx_word' id='word_1_166' title='bbox 144 2240 244 2304; x_wconf 86' lang='lat' dir='ltr'>optatae</span> <span class='ocrx_word' id='word_1_167' title='bbox 253 2251 313 2304; x_wconf 90' lang='lat' dir='ltr'>spes</span> <span class='ocrx_word' id='word_1_168' title='bbox 322 2241 361 2288; x_wconf 91' lang='lat' dir='ltr'>est</span> <span class='ocrx_word' id='word_1_169' title='bbox 371 2234 453 2287; x_wconf 88' lang='lat' dir='ltr'>ineisa</span> <span class='ocrx_word' id='word_1_170' title='bbox 462 2233 569 2298; x_wconf 80' lang='lat' dir='ltr'>salutis,</span> 
     </span>
     <span class='ocr_line' id='line_1_27' title="bbox 10 2305 737 2378; baseline -0.01 -13"><span class='ocrx_word' id='word_1_171' title='bbox 10 2308 111 2373; x_wconf 74' lang='lat' dir='ltr'>mihi,</span> <span class='ocrx_word' id='word_1_172' title='bbox 123 2324 206 2378; x_wconf 89' lang='lat' dir='ltr'>quem</span> <span class='ocrx_word' id='word_1_173' title='bbox 216 2308 310 2372; x_wconf 79' lang='lat' dir='ltr'>merui,</span> <span class='ocrx_word' id='word_1_174' title='bbox 323 2307 451 2373; x_wconf 88' lang='lat' dir='ltr'>invideas,</span> <span class='ocrx_word' id='word_1_175' title='bbox 464 2305 604 2369; x_wconf 80' lang='lat' dir='ltr'>nutricula,</span> <span class='ocrx_word' id='word_1_176' title='bbox 617 2313 737 2359; x_wconf 87' lang='lat' dir='ltr'>mortem.</span> 
     </span>
     <span class='ocr_line' id='line_1_28' title="bbox 10 2378 706 2452; baseline -0.006 -14"><span class='ocrx_word' id='word_1_177' title='bbox 10 2401 59 2441; x_wconf 87' lang='lat' dir='ltr'>am</span> <span class='ocrx_word' id='word_1_178' title='bbox 69 2383 122 2436; x_wconf 86' lang='lat' dir='ltr'>nisi</span> <span class='ocrx_word' id='word_1_179' title='bbox 132 2390 156 2436; x_wconf 91' lang='lat' dir='ltr'>te</span> <span class='ocrx_word' id='word_1_180' title='bbox 166 2382 242 2437; x_wconf 88' lang='lat' dir='ltr'>uobis</span> <span class='ocrx_word' id='word_1_181' title='bbox 251 2380 347 2443; x_wconf 83' lang='lat' dir='ltr'>melus,</span> <span class='ocrx_word' id='word_1_182' title='bbox 359 2398 375 2434; x_wconf 91' lang='grc' dir='ltr'>ο</span> <span class='ocrx_word' id='word_1_183' title='bbox 387 2381 482 2444; x_wconf 86' lang='lat' dir='ltr'>melus,</span> <span class='ocrx_word' id='word_1_184' title='bbox 493 2379 592 2452; x_wconf 88' lang='lat' dir='ltr'>optime</span> <span class='ocrx_word' id='word_1_185' title='bbox 602 2378 706 2440; x_wconf 84' lang='lat' dir='ltr'>Carme,</span> 
     </span>
     <span class='ocr_line' id='line_1_29' title="bbox 10 2452 668 2527; baseline -0.008 -13"><span class='ocrx_word' id='word_1_186' title='bbox 10 2466 51 2515; x_wconf 85' lang='lat' dir='ltr'>rte</span> <span class='ocrx_word' id='word_1_187' title='bbox 61 2457 134 2511; x_wconf 82' lang='lat' dir='ltr'>hune</span> <span class='ocrx_word' id='word_1_188' title='bbox 143 2465 312 2527; x_wconf 83' lang='lat' dir='ltr'>eonspeetum</span> <span class='ocrx_word' id='word_1_189' title='bbox 321 2472 431 2511; x_wconf 77' lang='lat' dir='ltr'>casusve</span> <span class='ocrx_word' id='word_1_190' title='bbox 439 2457 541 2510; x_wconf 87' lang='lat' dir='ltr'>Deusve</span> <span class='ocrx_word' id='word_1_191' title='bbox 552 2452 668 2509; x_wconf 86' lang='lat' dir='ltr'>tulisset:</span> 
     </span>
     <span class='ocr_line' id='line_1_30' title="bbox 10 2527 785 2603; baseline -0.013 -13"><span class='ocrx_word' id='word_1_192' title='bbox 10 2541 37 2590; x_wconf 82' lang='lat' dir='ltr'>at</span> <span class='ocrx_word' id='word_1_193' title='bbox 45 2531 114 2586; x_wconf 83' lang='lat' dir='ltr'>ferro</span> <span class='ocrx_word' id='word_1_194' title='bbox 124 2530 176 2587; x_wconf 86' lang='lat' dir='ltr'>hoe</span> <span class='ocrx_word' id='word_1_195' title='bbox 184 2529 275 2603; x_wconf 80' lang='lat' dir='ltr'>(aperit</span> <span class='ocrx_word' id='word_1_196' title='bbox 284 2529 384 2585; x_wconf 83' lang='lat' dir='ltr'>ferrum</span> <span class='ocrx_word' id='word_1_197' title='bbox 392 2528 466 2601; x_wconf 88' lang='lat' dir='ltr'>quod</span> <span class='ocrx_word' id='word_1_198' title='bbox 478 2536 548 2585; x_wconf 88' lang='lat' dir='ltr'>veste</span> <span class='ocrx_word' id='word_1_199' title='bbox 556 2527 660 2601; x_wconf 79' lang='lat' dir='ltr'>latebat)</span> <span class='ocrx_word' id='word_1_200' title='bbox 746 2538 785 2581; x_wconf 73' lang='lat' dir='ltr'>rsa</span> 
     </span>
     <span class='ocr_line' id='line_1_31' title="bbox 10 2603 640 2679; baseline -0.01 -15"><span class='ocrx_word' id='word_1_201' title='bbox 10 2622 158 2679; x_wconf 90' lang='lat' dir='ltr'>urpureum</span> <span class='ocrx_word' id='word_1_202' title='bbox 168 2606 250 2677; x_wconf 89' lang='lat' dir='ltr'>petris</span> <span class='ocrx_word' id='word_1_203' title='bbox 260 2605 415 2660; x_wconf 87' lang='lat' dir='ltr'>demsissem</span> <span class='ocrx_word' id='word_1_204' title='bbox 425 2603 520 2658; x_wconf 87' lang='lat' dir='ltr'>vertiee</span> <span class='ocrx_word' id='word_1_205' title='bbox 531 2603 640 2668; x_wconf 83' lang='lat' dir='ltr'>crinem,</span> 
     </span>
     <span class='ocr_line' id='line_1_32' title="bbox 9 2677 645 2752; baseline -0.014 -13"><span class='ocrx_word' id='word_1_206' title='bbox 9 2690 36 2739; x_wconf 84' lang='lat' dir='ltr'>rt</span> <span class='ocrx_word' id='word_1_207' title='bbox 45 2680 114 2735; x_wconf 92' lang='lat' dir='ltr'>mibi</span> <span class='ocrx_word' id='word_1_208' title='bbox 126 2681 255 2752; x_wconf 83' lang='lat' dir='ltr'>praesenti</span> <span class='ocrx_word' id='word_1_209' title='bbox 265 2679 424 2752; x_wconf 87' lang='lat' dir='ltr'>peperissem</span> <span class='ocrx_word' id='word_1_210' title='bbox 437 2677 547 2733; x_wconf 86' lang='lat' dir='ltr'>vulnere</span> <span class='ocrx_word' id='word_1_211' title='bbox 556 2677 645 2733; x_wconf 89' lang='lat' dir='ltr'>letum.</span> 
     </span>
    </p>

    <p class='ocr_par' dir='ltr' id='par_1_3' title="bbox 27 2752 652 2819">
     <span class='ocr_line' id='line_1_33' title="bbox 27 2752 652 2819; baseline -0.011 -7"><span class='ocrx_word' id='word_1_212' title='bbox 27 2757 82 2812; x_wconf 82' lang='lat' dir='ltr'>Vix</span> <span class='ocrx_word' id='word_1_213' title='bbox 95 2756 159 2811; x_wconf 83' lang='lat' dir='ltr'>haee</span> <span class='ocrx_word' id='word_1_214' title='bbox 167 2753 290 2819; x_wconf 86' lang='lat' dir='ltr'>ediderat,</span> <span class='ocrx_word' id='word_1_215' title='bbox 301 2771 363 2809; x_wconf 83' lang='lat' dir='ltr'>curn</span> <span class='ocrx_word' id='word_1_216' title='bbox 373 2752 447 2808; x_wconf 86' lang='lat' dir='ltr'>clade</span> <span class='ocrx_word' id='word_1_217' title='bbox 454 2753 575 2809; x_wconf 81' lang='lat' dir='ltr'>exterrita</span> <span class='ocrx_word' id='word_1_218' title='bbox 585 2753 652 2807; x_wconf 89' lang='lat' dir='ltr'>tristi</span> 
     </span>
    </p>
   </div>
   <div class='ocr_carea' id='block_1_3' title="bbox 9 2827 558 2904">
    <p class='ocr_par' dir='ltr' id='par_1_4' title="bbox 9 2827 558 2904">
     <span class='ocr_line' id='line_1_34' title="bbox 9 2827 558 2904; baseline -0.009 -15"><span class='ocrx_word' id='word_1_219' title='bbox 9 2839 110 2889; x_wconf 84' lang='lat' dir='ltr'>rtenses</span> <span class='ocrx_word' id='word_1_220' title='bbox 121 2828 205 2885; x_wconf 87' lang='lat' dir='ltr'>multo</span> <span class='ocrx_word' id='word_1_221' title='bbox 213 2829 333 2903; x_wconf 86' lang='lat' dir='ltr'>deturpat</span> <span class='ocrx_word' id='word_1_222' title='bbox 343 2827 453 2904; x_wconf 76' lang='lat' dir='ltr'>puluere</span> <span class='ocrx_word' id='word_1_223' title='bbox 459 2828 558 2894; x_wconf 82' lang='lat' dir='ltr'>eriues.</span> 
     </span>
    </p>
   </div>
   <div class='ocr_carea' id='block_1_4' title="bbox 0 164 928 3052">
    <p class='ocr_par' dir='ltr' id='par_1_5' title="bbox 0 164 928 3052">
     <span class='ocr_line' id='line_1_35' title="bbox 0 164 928 3052; baseline 0 0"><span class='ocrx_word' id='word_1_224' title='bbox 0 164 928 3052; x_wconf 95' lang='lat' dir='ltr'> </span> 
     </span>
    </p>
   </div>
  </div>
 </body>
</html>
