1846 3052
171 155 222 208 390
334 161 366 208 Ρ.
385 154 557 206 VIRGILII
572 153 751 203 HARONIS

171 259 229 332 ipse
238 277 300 315 suaa
310 266 387 323 artes,
397 274 446 312 sua
456 273 577 321 munera,
587 257 674 313 laetus
682 253 779 327 Apollo

172 334 316 407 augurium
324 333 507 403 citharamque
515 331 594 386 dabat
602 329 756 402 celeresque
764 329 881 404 sagitta»,

117 416 157 461 005
171 407 228 473 Ille,
240 414 271 462 ut
283 406 394 478 depositi
404 406 530 478 proferret
538 405 588 460 lata
599 405 726 476 parentis,

172 483 239 536 scire
247 489 386 552 potestates
395 482 538 535 herbarum
547 496 683 550 usumque
693 476 819 534 medendi

172 556 275 620 maluit,
288 563 313 610 et
322 563 410 611 mutas
419 556 518 628 agitare
527 553 658 626 inglorius
666 561 747 608 artes.

172 629 263 685 Stabat
272 631 363 686 acerba
372 630 495 693 fremens,
509 629 643 701 ingentem
653 628 736 683 nixus
748 628 779 683 in
787 628 895 692 basum,

170 703 283 768 Aeneas,
292 722 391 778 magno
400 705 528 760 iuuenum
538 711 563 758 et
573 703 715 758 moerentis
724 703 779 757 luli

117 784 157 830 000
171 795 311 844 concursu,
327 779 443 834 lacrimis
452 777 608 833 immobilis.
637 776 793 832 Illeretorto

172 853 316 908 Paeonium
326 853 354 908 iu
367 870 468 907 morem
477 853 565 907 senior
574 851 724 905 succinctus
737 853 847 915 amictu,

173 927 256 982 multa
265 945 346 983 manu
360 927 460 982 medica
469 927 622 997 Phoebique
631 926 787 996 potentibus
796 925 884 981 berbin

173 1002 356 1074 nequidquam
368 1001 488 1072 trepidat,
501 1000 684 1072 nequidquam
693 1000 800 1071 spicula
808 1001 897 1056 dextra

173 1075 302 1142 sollicitat,
317 1083 476 1148 prensatque
484 1076 568 1130 tenaci
577 1074 675 1145 forcipe
684 1073 799 1130 ferrum.

118 1155 158 1201 405
172 1150 253 1206 Nulla
261 1151 333 1207 viam
342 1152 458 1206 Fortuna
466 1150 546 1223 regit3
568 1149 636 1203 nihil
645 1156 738 1204 auctor
746 1147 843 1220 Apollo

172 1226 310 1294 subvenit3
332 1233 358 1279 et
371 1242 466 1280 saevus
479 1223 581 1294 campis
594 1223 681 1296 magis
691 1240 722 1278 ac
732 1224 823 1297 magis
831 1224 913 1279 nonu

172 1299 306 1363 crebesciu
313 1300 475 1370 propiusque
481 1297 581 1353 malum
586 1305 632 1352 est.
643 1297 913 1369 lampulvereooslum

172 1380 242 1428 stare
254 1373 358 1441 vident;
379 1373 548 1444 subeuntque
556 1373 667 1443 equites,
681 1371 914 1444 etspiculncaetrit

172 1446 255 1502 densa
264 1447 362 1502 eadunt
375 1447 477 1502 mediis.
506 1448 530 1501 It
537 1446 618 1501 tristis
627 1447 661 1501 ad
669 1447 776 1502 aethera
787 1447 885 1503 clamor

118 1526 158 1572 ltu
172 1521 320 1576 bellantum
329 1523 468 1587 iuvenum,
479 1529 503 1576 et
514 1521 581 1577 duro
591 1521 643 1575 sub
652 1522 736 1576 Marte
744 1522 891 1578 cadentum

173 1597 221 1649 llic
233 1597 331 1661 Venus,
345 1596 455 1669 indigno
463 1597 517 1650 nati
527 1612 654 1650 concussa
667 1595 768 1661 dolore,

174 1670 340 1725 dictamnum
348 1671 468 1742 genetrix
478 1671 582 1726 Cretaea
592 1670 675 1742 carpit
687 1671 722 1725 ab
733 1670 792 1734 Ida,

174 1744 320 1816 puberibus
330 1744 431 1798 caulem
442 1745 511 1800 loliis
520 1752 545 1798 et
552 1744 614 1799 llore
623 1752 774 1801 mutantem

172 1835 319 1890 purpureo:
340 1835 393 1872 non
404 1819 449 1873 illa
458 1818 521 1874 leris
530 1820 663 1892 incognita
672 1820 761 1890 capris

120 1900 159 1947 445
174 1893 304 1967 gramina,
317 1910 403 1964 quum
412 1900 485 1966 tergo
494 1894 614 1949 volucres
623 1895 732 1949 haesere
741 1894 862 1966 sagittae.

174 1970 229 2022 lloc
237 1967 337 2032 Venus,
348 1967 461 2022 obscuro
471 1968 563 2023 faciem
574 1968 736 2024 circumdata
745 1969 850 2034 nimbo,

174 2042 280 2109 detulit3
301 2041 450 2098 hoelusum
461 2042 542 2098 labris
552 2043 754 2115 splendentibus
764 2060 872 2099 amnem

173 2117 266 2183 inficit,
279 2117 377 2173 occulta
387 2117 532 2185 medicans;
555 2118 709 2190 spargitque
716 2117 837 2173 salubris

175 2191 322 2247 ambrosiae
331 2209 431 2256 succos,
443 2201 468 2247 et
476 2191 632 2247 odoriferam
641 2208 795 2267 panaceam.

121 2272 160 2318 400
174 2265 251 2319 Fovit
261 2283 291 2319 ea
301 2267 401 2322 vulnus
410 2266 520 2340 lympha
530 2266 675 2339 longaevus
684 2266 756 2337 lapis

175 2337 315 2411 ignorans:
337 2343 478 2413 subitoque
496 2341 740 2412 omniadeoorpore
752 2339 824 2414 fugit

175 2411 372 2485 quippedolor;
394 2416 481 2471 omnis
491 2416 624 2470 stetitimo
633 2415 744 2471 vulnere
754 2418 877 2488 sanguis.

175 2489 285 2558 lamque
293 2495 381 2543 secuta
390 2508 510 2555 manum,
523 2489 596 2545 nullo
604 2497 721 2563 cogente.
731 2491 830 2563 sagitta

177 2562 283 2629 excidit,
294 2569 373 2636 atque
383 2581 465 2620 novae
473 2565 573 2620 rediere
583 2565 611 2620 in
621 2566 733 2636 pristina
744 2567 825 2622 vires.

114 2647 158 2698 425
172 2639 259 2700 Arma
271 2640 549 2719 citiproperateuiro3
565 2639 730 2709 subdemini
748 2642 820 2711 lapis
