<?xml version="1.0" encoding="UTF-8"?>
<!DOCTYPE html PUBLIC "-//W3C//DTD XHTML 1.0 Transitional//EN"
    "http://www.w3.org/TR/xhtml1/DTD/xhtml1-transitional.dtd">
<html xmlns="http://www.w3.org/1999/xhtml" xml:lang="en" lang="en">
 <head>
  <title>
</title>
<meta http-equiv="Content-Type" content="text/html;charset=utf-8" />
  <meta name='ocr-system' content='tesseract 3.04.00' />
  <meta name='ocr-capabilities' content='ocr_page ocr_carea ocr_par ocr_line ocrx_word'/>
</head>
<body>
  <div class='ocr_page' id='page_1' title='image "./publivergilimar00virggoog/publivergilimar00virggoog_0426.png"; bbox 0 0 1846 3052; ppageno 0'>
   <div class='ocr_carea' id='block_1_1' title="bbox 368 176 804 229">
    <p class='ocr_par' dir='ltr' id='par_1_1' title="bbox 368 176 804 229">
     <span class='ocr_line' id='line_1_1' title="bbox 368 176 804 229; baseline 0.005 -3"><span class='ocrx_word' id='word_1_1' title='bbox 368 182 502 227; x_wconf 60' lang='lat' dir='ltr'>CULEX„</span> <span class='ocrx_word' id='word_1_2' title='bbox 760 176 804 229; x_wconf 85' lang='lat' dir='ltr'>lll</span> 
     </span>
    </p>
   </div>
   <div class='ocr_carea' id='block_1_2' title="bbox 10 278 864 2732">
    <p class='ocr_par' dir='ltr' id='par_1_2' title="bbox 64 278 718 352">
     <span class='ocr_line' id='line_1_2' title="bbox 64 278 718 352; baseline -0.006 -15"><span class='ocrx_word' id='word_1_3' title='bbox 64 280 180 337; x_wconf 88' lang='lat' dir='ltr'>floribus</span> <span class='ocrx_word' id='word_1_4' title='bbox 190 287 304 352; x_wconf 78' lang='lat' dir='ltr'>agrestes</span> <span class='ocrx_word' id='word_1_5' title='bbox 316 278 594 346; x_wconf 81' lang='lat' dir='ltr'>herbaevariantibus,</span> <span class='ocrx_word' id='word_1_6' title='bbox 610 280 718 348; x_wconf 91' lang='lat' dir='ltr'>adsunt;</span> 
     </span>
    </p>

    <p class='ocr_par' dir='ltr' id='par_1_3' title="bbox 64 352 659 427">
     <span class='ocr_line' id='line_1_3' title="bbox 64 352 659 427; baseline -0.005 -16"><span class='ocrx_word' id='word_1_7' title='bbox 64 355 108 411; x_wconf 91' lang='lat' dir='ltr'>illi</span> <span class='ocrx_word' id='word_1_8' title='bbox 117 352 204 407; x_wconf 89' lang='lat' dir='ltr'>dulcis</span> <span class='ocrx_word' id='word_1_9' title='bbox 213 353 287 408; x_wconf 88' lang='lat' dir='ltr'>adest</span> <span class='ocrx_word' id='word_1_10' title='bbox 297 354 408 425; x_wconf 83' lang='lat' dir='ltr'>requies,</span> <span class='ocrx_word' id='word_1_11' title='bbox 420 362 446 410; x_wconf 88' lang='lat' dir='ltr'>et</span> <span class='ocrx_word' id='word_1_12' title='bbox 454 373 521 427; x_wconf 91' lang='lat' dir='ltr'>pura</span> <span class='ocrx_word' id='word_1_13' title='bbox 530 355 659 426; x_wconf 88' lang='lat' dir='ltr'>voluptas,</span> 
     </span>
    </p>

    <p class='ocr_par' dir='ltr' id='par_1_4' title="bbox 64 427 753 498">
     <span class='ocr_line' id='line_1_4' title="bbox 64 427 753 498; baseline -0.006 -12"><span class='ocrx_word' id='word_1_14' title='bbox 64 428 164 492; x_wconf 88' lang='lat' dir='ltr'>libera,</span> <span class='ocrx_word' id='word_1_15' title='bbox 176 427 343 498; x_wconf 75' lang='lat' dir='ltr'><strong>simplicibus</strong></span> <span class='ocrx_word' id='word_1_16' title='bbox 353 430 437 484; x_wconf 86' lang='lat' dir='ltr'>euris:</span> <span class='ocrx_word' id='word_1_17' title='bbox 458 431 512 484; x_wconf 91' lang='lat' dir='ltr'>huc</span> <span class='ocrx_word' id='word_1_18' title='bbox 521 429 649 494; x_wconf 78' lang='lat' dir='ltr'><strong>imminet,</strong></span> <span class='ocrx_word' id='word_1_19' title='bbox 660 445 753 483; x_wconf 89' lang='lat' dir='ltr'>omnes</span> 
     </span>
    </p>

    <p class='ocr_par' dir='ltr' id='par_1_5' title="bbox 64 501 862 630">
     <span class='ocr_line' id='line_1_5' title="bbox 64 501 862 630; baseline -0.005 -71"><span class='ocrx_word' id='word_1_20' title='bbox 64 502 162 630; x_wconf 76' lang='lat' dir='ltr'>dirigit</span> <span class='ocrx_word' id='word_1_21' title='bbox 172 501 338 568; x_wconf 72' lang='lat' dir='ltr'>haeremus,</span> <span class='ocrx_word' id='word_1_22' title='bbox 349 503 413 558; x_wconf 91' lang='lat' dir='ltr'>baec</span> <span class='ocrx_word' id='word_1_23' title='bbox 421 521 483 558; x_wconf 87' lang='lat' dir='ltr'>cura</span> <span class='ocrx_word' id='word_1_24' title='bbox 494 511 534 558; x_wconf 88' lang='lat' dir='ltr'>est</span> <span class='ocrx_word' id='word_1_25' title='bbox 542 503 647 558; x_wconf 88' lang='lat' dir='ltr'>subdita</span> <span class='ocrx_word' id='word_1_26' title='bbox 657 504 737 569; x_wconf 89' lang='lat' dir='ltr'>cordi,</span> <span class='ocrx_word' id='word_1_27' title='bbox 837 514 862 555; x_wconf 82' lang='lat' dir='ltr'>aa</span> 
     </span>
    </p>

    <p class='ocr_par' dir='ltr' id='par_1_6' title="bbox 65 576 690 649">
     <span class='ocr_line' id='line_1_6' title="bbox 65 576 690 649; baseline -0.002 -17"><span class='ocrx_word' id='word_1_28' title='bbox 65 593 125 649; x_wconf 89' lang='lat' dir='ltr'>quo</span> <span class='ocrx_word' id='word_1_29' title='bbox 139 576 191 630; x_wconf 88' lang='lat' dir='ltr'>ibet</span> <span class='ocrx_word' id='word_1_30' title='bbox 202 583 232 631; x_wconf 91' lang='lat' dir='ltr'>ut</span> <span class='ocrx_word' id='word_1_31' title='bbox 241 577 331 648; x_wconf 87' lang='lat' dir='ltr'>requie</span> <span class='ocrx_word' id='word_1_32' title='bbox 340 578 411 632; x_wconf 90' lang='lat' dir='ltr'>victu</span> <span class='ocrx_word' id='word_1_33' title='bbox 420 586 557 633; x_wconf 90' lang='lat' dir='ltr'>contentus</span> <span class='ocrx_word' id='word_1_34' title='bbox 566 577 690 642; x_wconf 81' lang='lat' dir='ltr'>abundet,</span> 
     </span>
    </p>

    <p class='ocr_par' dir='ltr' id='par_1_7' title="bbox 65 649 706 724">
     <span class='ocr_line' id='line_1_7' title="bbox 65 649 706 724; baseline -0.002 -17"><span class='ocrx_word' id='word_1_35' title='bbox 65 649 241 721; x_wconf 86' lang='lat' dir='ltr'>iucundaque</span> <span class='ocrx_word' id='word_1_36' title='bbox 254 650 318 722; x_wconf 86' lang='lat' dir='ltr'>liget</span> <span class='ocrx_word' id='word_1_37' title='bbox 326 651 475 724; x_wconf 76' lang='lat' dir='ltr'>languentia</span> <span class='ocrx_word' id='word_1_38' title='bbox 485 668 592 722; x_wconf 79' lang='lat' dir='ltr'>empore</span> <span class='ocrx_word' id='word_1_39' title='bbox 604 669 706 706; x_wconf 89' lang='lat' dir='ltr'>somno.</span> 
     </span>
    </p>

    <p class='ocr_par' dir='ltr' id='par_1_8' title="bbox 66 723 682 798">
     <span class='ocr_line' id='line_1_8' title="bbox 66 723 682 798; baseline -0.002 -17"><span class='ocrx_word' id='word_1_40' title='bbox 66 725 94 781; x_wconf 91' lang='grc' dir='ltr'>Ο</span> <span class='ocrx_word' id='word_1_41' title='bbox 102 723 227 797; x_wconf 80' lang='lat' dir='ltr'>pecudes,</span> <span class='ocrx_word' id='word_1_42' title='bbox 238 726 355 789; x_wconf 80' lang='lat' dir='ltr'>oPanes‚</span> <span class='ocrx_word' id='word_1_43' title='bbox 369 734 394 779; x_wconf 89' lang='lat' dir='ltr'>et</span> <span class='ocrx_word' id='word_1_44' title='bbox 402 743 418 780; x_wconf 95' lang='lat' dir='ltr'>o</span> <span class='ocrx_word' id='word_1_45' title='bbox 427 726 575 798; x_wconf 85' lang='lat' dir='ltr'>gratissima</span> <span class='ocrx_word' id='word_1_46' title='bbox 584 726 682 797; x_wconf 90' lang='lat' dir='ltr'>Tempe</span> 
     </span>
    </p>

    <p class='ocr_par' dir='ltr' id='par_1_9' title="bbox 67 799 763 872">
     <span class='ocr_line' id='line_1_9' title="bbox 67 799 763 872; baseline 0 -18"><span class='ocrx_word' id='word_1_47' title='bbox 67 799 154 855; x_wconf 84' lang='lat' dir='ltr'>lentis</span> <span class='ocrx_word' id='word_1_48' title='bbox 162 799 392 872; x_wconf 82' lang='lat' dir='ltr'>Hamadryadum:</span> <span class='ocrx_word' id='word_1_49' title='bbox 412 817 526 870; x_wconf 89' lang='lat' dir='ltr'>quarum</span> <span class='ocrx_word' id='word_1_50' title='bbox 537 818 589 855; x_wconf 91' lang='lat' dir='ltr'>non</span> <span class='ocrx_word' id='word_1_51' title='bbox 599 800 680 855; x_wconf 87' lang='lat' dir='ltr'>divite</span> <span class='ocrx_word' id='word_1_52' title='bbox 690 799 763 854; x_wconf 91' lang='lat' dir='ltr'>cultu</span> 
     </span>
    </p>

    <p class='ocr_par' dir='ltr' id='par_1_10' title="bbox 68 872 863 946">
     <span class='ocr_line' id='line_1_10' title="bbox 68 872 863 946; baseline -0.004 -18"><span class='ocrx_word' id='word_1_53' title='bbox 68 872 194 929; x_wconf 87' lang='lat' dir='ltr'>aemulus</span> <span class='ocrx_word' id='word_1_54' title='bbox 211 873 322 928; x_wconf 76' lang='lat' dir='ltr'>Ascraeo</span> <span class='ocrx_word' id='word_1_55' title='bbox 331 881 419 945; x_wconf 88' lang='lat' dir='ltr'>pastor</span> <span class='ocrx_word' id='word_1_56' title='bbox 428 875 479 929; x_wconf 84' lang='lat' dir='ltr'>sibi</span> <span class='ocrx_word' id='word_1_57' title='bbox 490 876 606 946; x_wconf 90' lang='lat' dir='ltr'>quisque</span> <span class='ocrx_word' id='word_1_58' title='bbox 615 877 704 946; x_wconf 81' lang='lat' dir='ltr'>poetae</span> <span class='ocrx_word' id='word_1_59' title='bbox 839 883 863 925; x_wconf 78' lang='lat' dir='ltr'>aa</span> 
     </span>
    </p>

    <p class='ocr_par' dir='ltr' id='par_1_11' title="bbox 68 947 635 1020">
     <span class='ocr_line' id='line_1_11' title="bbox 68 947 635 1020; baseline 0.004 -18"><span class='ocrx_word' id='word_1_60' title='bbox 68 964 192 1002; x_wconf 86' lang='lat' dir='ltr'>securam</span> <span class='ocrx_word' id='word_1_61' title='bbox 202 947 304 1019; x_wconf 86' lang='lat' dir='ltr'>placido</span> <span class='ocrx_word' id='word_1_62' title='bbox 314 948 424 1003; x_wconf 88' lang='lat' dir='ltr'>traducit</span> <span class='ocrx_word' id='word_1_63' title='bbox 434 956 535 1020; x_wconf 85' lang='lat' dir='ltr'>pectore</span> <span class='ocrx_word' id='word_1_64' title='bbox 543 950 635 1004; x_wconf 83' lang='lat' dir='ltr'>vitam.</span> 
     </span>
    </p>

    <p class='ocr_par' dir='ltr' id='par_1_12' title="bbox 69 1021 717 1093">
     <span class='ocr_line' id='line_1_12' title="bbox 69 1021 717 1093; baseline -0.003 -16"><span class='ocrx_word' id='word_1_65' title='bbox 69 1021 184 1077; x_wconf 82' lang='lat' dir='ltr'><strong>Talibus</strong></span> <span class='ocrx_word' id='word_1_66' title='bbox 194 1022 222 1076; x_wconf 91' lang='lat' dir='ltr'>in</span> <span class='ocrx_word' id='word_1_67' title='bbox 235 1022 331 1076; x_wconf 88' lang='lat' dir='ltr'>studiis</span> <span class='ocrx_word' id='word_1_68' title='bbox 344 1023 439 1078; x_wconf 92' lang='lat' dir='ltr'>baculo</span> <span class='ocrx_word' id='word_1_69' title='bbox 448 1023 512 1078; x_wconf 91' lang='lat' dir='ltr'>dum</span> <span class='ocrx_word' id='word_1_70' title='bbox 526 1024 607 1078; x_wconf 84' lang='lat' dir='ltr'>nixus</span> <span class='ocrx_word' id='word_1_71' title='bbox 617 1023 717 1093; x_wconf 85' lang='lat' dir='ltr'>apricas</span> 
     </span>
    </p>

    <p class='ocr_par' dir='ltr' id='par_1_13' title="bbox 69 1096 666 1169">
     <span class='ocr_line' id='line_1_13' title="bbox 69 1096 666 1169; baseline -0.002 -18"><span class='ocrx_word' id='word_1_72' title='bbox 69 1103 163 1169; x_wconf 87' lang='lat' dir='ltr'>pastor</span> <span class='ocrx_word' id='word_1_73' title='bbox 172 1096 226 1169; x_wconf 83' lang='lat' dir='ltr'>egit</span> <span class='ocrx_word' id='word_1_74' title='bbox 234 1112 320 1160; x_wconf 88' lang='lat' dir='ltr'>curas,</span> <span class='ocrx_word' id='word_1_75' title='bbox 332 1104 358 1151; x_wconf 90' lang='lat' dir='ltr'>et</span> <span class='ocrx_word' id='word_1_76' title='bbox 366 1097 431 1152; x_wconf 91' lang='lat' dir='ltr'>dum</span> <span class='ocrx_word' id='word_1_77' title='bbox 444 1114 496 1151; x_wconf 94' lang='lat' dir='ltr'>non</span> <span class='ocrx_word' id='word_1_78' title='bbox 508 1105 563 1151; x_wconf 89' lang='lat' dir='ltr'>arte</span> <span class='ocrx_word' id='word_1_79' title='bbox 573 1113 666 1151; x_wconf 89' lang='lat' dir='ltr'>canora</span> 
     </span>
    </p>

    <p class='ocr_par' dir='ltr' id='par_1_14' title="bbox 69 1169 747 1241">
     <span class='ocr_line' id='line_1_14' title="bbox 69 1169 747 1241; baseline -0.004 -15"><span class='ocrx_word' id='word_1_80' title='bbox 69 1178 205 1241; x_wconf 88' lang='lat' dir='ltr'>compacta</span> <span class='ocrx_word' id='word_1_81' title='bbox 217 1169 323 1225; x_wconf 88' lang='lat' dir='ltr'>solitum</span> <span class='ocrx_word' id='word_1_82' title='bbox 335 1170 483 1225; x_wconf 87' lang='lat' dir='ltr'>modulatur</span> <span class='ocrx_word' id='word_1_83' title='bbox 492 1169 620 1224; x_wconf 87' lang='lat' dir='ltr'>arundine</span> <span class='ocrx_word' id='word_1_84' title='bbox 628 1186 747 1233; x_wconf 86' lang='lat' dir='ltr'>carmen,</span> 
     </span>
    </p>

    <p class='ocr_par' dir='ltr' id='par_1_15' title="bbox 69 1244 863 1318">
     <span class='ocr_line' id='line_1_15' title="bbox 69 1244 863 1318; baseline -0.008 -19"><span class='ocrx_word' id='word_1_85' title='bbox 69 1244 156 1301; x_wconf 88' lang='lat' dir='ltr'>tendit</span> <span class='ocrx_word' id='word_1_86' title='bbox 166 1245 298 1299; x_wconf 87' lang='lat' dir='ltr'>inevectus</span> <span class='ocrx_word' id='word_1_87' title='bbox 308 1245 395 1300; x_wconf 90' lang='lat' dir='ltr'>radios</span> <span class='ocrx_word' id='word_1_88' title='bbox 404 1246 560 1318; x_wconf 86' lang='lat' dir='ltr'>Hyperionis</span> <span class='ocrx_word' id='word_1_89' title='bbox 570 1244 655 1309; x_wconf 84' lang='lat' dir='ltr'>ardor,</span> <span class='ocrx_word' id='word_1_90' title='bbox 824 1252 863 1293; x_wconf 84' lang='grc'>11111</span> 
     </span>
    </p>

    <p class='ocr_par' dir='ltr' id='par_1_16' title="bbox 70 1317 705 1390">
     <span class='ocr_line' id='line_1_16' title="bbox 70 1317 705 1390; baseline -0.005 -16"><span class='ocrx_word' id='word_1_91' title='bbox 70 1318 215 1390; x_wconf 88' lang='lat' dir='ltr'>lucidaque</span> <span class='ocrx_word' id='word_1_92' title='bbox 224 1319 341 1374; x_wconf 85' lang='lat' dir='ltr'>aethereo</span> <span class='ocrx_word' id='word_1_93' title='bbox 352 1320 425 1390; x_wconf 93' lang='lat' dir='ltr'>ponit</span> <span class='ocrx_word' id='word_1_94' title='bbox 436 1319 588 1373; x_wconf 87' lang='lat' dir='ltr'>discrimina</span> <span class='ocrx_word' id='word_1_95' title='bbox 596 1317 705 1381; x_wconf 82' lang='lat' dir='ltr'>mundo,</span> 
     </span>
    </p>

    <p class='ocr_par' dir='ltr' id='par_1_17' title="bbox 71 1392 782 1541">
     <span class='ocr_line' id='line_1_17' title="bbox 71 1392 782 1467; baseline -0.007 -19"><span class='ocrx_word' id='word_1_96' title='bbox 71 1410 126 1467; x_wconf 89' lang='lat' dir='ltr'>qua</span> <span class='ocrx_word' id='word_1_97' title='bbox 137 1393 197 1447; x_wconf 91' lang='lat' dir='ltr'>iacit</span> <span class='ocrx_word' id='word_1_98' title='bbox 204 1392 336 1448; x_wconf 88' lang='lat' dir='ltr'>Oceanum</span> <span class='ocrx_word' id='word_1_99' title='bbox 347 1393 467 1448; x_wconf 88' lang='lat' dir='ltr'>flammas</span> <span class='ocrx_word' id='word_1_100' title='bbox 480 1394 507 1448; x_wconf 92' lang='lat' dir='ltr'>in</span> <span class='ocrx_word' id='word_1_101' title='bbox 518 1402 662 1464; x_wconf 91' lang='lat' dir='ltr'>utrumque</span> <span class='ocrx_word' id='word_1_102' title='bbox 670 1408 782 1462; x_wconf 87' lang='lat' dir='ltr'>rapaces.</span> 
     </span>
     <span class='ocr_line' id='line_1_18' title="bbox 111 1465 713 1541; baseline -0.007 -18"><span class='ocrx_word' id='word_1_103' title='bbox 111 1468 208 1523; x_wconf 87' lang='lat' dir='ltr'>Etiam</span> <span class='ocrx_word' id='word_1_104' title='bbox 218 1467 390 1538; x_wconf 86' lang='lat' dir='ltr'>compellente</span> <span class='ocrx_word' id='word_1_105' title='bbox 400 1475 591 1541; x_wconf 85' lang='lat' dir='ltr'>vagaepastore</span> <span class='ocrx_word' id='word_1_106' title='bbox 599 1465 713 1538; x_wconf 81' lang='lat' dir='ltr'>capellae</span> 
     </span>
    </p>

    <p class='ocr_par' dir='ltr' id='par_1_18' title="bbox 72 1540 710 1614">
     <span class='ocr_line' id='line_1_19' title="bbox 72 1540 710 1614; baseline -0.003 -18"><span class='ocrx_word' id='word_1_107' title='bbox 72 1542 129 1597; x_wconf 87' lang='lat' dir='ltr'>ima</span> <span class='ocrx_word' id='word_1_108' title='bbox 139 1542 301 1596; x_wconf 83' lang='lat' dir='ltr'>susurrantis</span> <span class='ocrx_word' id='word_1_109' title='bbox 313 1543 437 1613; x_wconf 85' lang='lat' dir='ltr'>repebant</span> <span class='ocrx_word' id='word_1_110' title='bbox 446 1543 479 1596; x_wconf 86' lang='lat' dir='ltr'>ad</span> <span class='ocrx_word' id='word_1_111' title='bbox 491 1542 557 1597; x_wconf 85' lang='lat' dir='ltr'>vada</span> <span class='ocrx_word' id='word_1_112' title='bbox 576 1540 710 1614; x_wconf 86' lang='lat' dir='ltr'>lymphae,</span> 
     </span>
    </p>

    <p class='ocr_par' dir='ltr' id='par_1_19' title="bbox 72 1614 864 1688">
     <span class='ocr_line' id='line_1_20' title="bbox 72 1614 864 1688; baseline -0.008 -18"><span class='ocrx_word' id='word_1_113' title='bbox 72 1633 144 1688; x_wconf 91' lang='lat' dir='ltr'>quae</span> <span class='ocrx_word' id='word_1_114' title='bbox 152 1616 244 1670; x_wconf 81' lang='lat' dir='ltr'>subter</span> <span class='ocrx_word' id='word_1_115' title='bbox 256 1615 366 1670; x_wconf 87' lang='lat' dir='ltr'>viridem</span> <span class='ocrx_word' id='word_1_116' title='bbox 378 1617 525 1670; x_wconf 87' lang='lat' dir='ltr'>residebant</span> <span class='ocrx_word' id='word_1_117' title='bbox 534 1614 636 1670; x_wconf 86' lang='lat' dir='ltr'>caerula</span> <span class='ocrx_word' id='word_1_118' title='bbox 648 1630 781 1668; x_wconf 86' lang='lat' dir='ltr'>muscum.</span> <span class='ocrx_word' id='word_1_119' title='bbox 826 1622 864 1664; x_wconf 80' lang='lat'>1⁰5</span> 
     </span>
    </p>

    <p class='ocr_par' dir='ltr' id='par_1_20' title="bbox 71 1688 690 1761">
     <span class='ocr_line' id='line_1_21' title="bbox 71 1688 690 1761; baseline -0.005 -15"><span class='ocrx_word' id='word_1_120' title='bbox 71 1692 130 1746; x_wconf 85' lang='lat' dir='ltr'>lam</span> <span class='ocrx_word' id='word_1_121' title='bbox 139 1689 357 1761; x_wconf 87' lang='lat' dir='ltr'>mediesoperum</span> <span class='ocrx_word' id='word_1_122' title='bbox 367 1698 451 1761; x_wconf 90' lang='lat' dir='ltr'>partes</span> <span class='ocrx_word' id='word_1_123' title='bbox 461 1688 690 1752; x_wconf 88' lang='lat' dir='ltr'>evectuseratSel,</span> 
     </span>
    </p>

    <p class='ocr_par' dir='ltr' id='par_1_21' title="bbox 72 1762 749 1838">
     <span class='ocr_line' id='line_1_22' title="bbox 72 1762 749 1838; baseline -0.003 -19"><span class='ocrx_word' id='word_1_124' title='bbox 72 1782 136 1819; x_wconf 91' lang='lat' dir='ltr'>cum</span> <span class='ocrx_word' id='word_1_125' title='bbox 146 1764 242 1819; x_wconf 87' lang='lat' dir='ltr'>densas</span> <span class='ocrx_word' id='word_1_126' title='bbox 251 1771 339 1835; x_wconf 88' lang='lat' dir='ltr'>pastor</span> <span class='ocrx_word' id='word_1_127' title='bbox 350 1764 463 1835; x_wconf 88' lang='lat' dir='ltr'>pecudes</span> <span class='ocrx_word' id='word_1_128' title='bbox 472 1764 579 1838; x_wconf 77' lang='lat' dir='ltr'>augebat</span> <span class='ocrx_word' id='word_1_129' title='bbox 588 1764 615 1818; x_wconf 93' lang='lat' dir='ltr'>in</span> <span class='ocrx_word' id='word_1_130' title='bbox 627 1762 749 1831; x_wconf 89' lang='lat' dir='ltr'>umbras;</span> 
     </span>
    </p>

    <p class='ocr_par' dir='ltr' id='par_1_22' title="bbox 72 1836 632 1910">
     <span class='ocr_line' id='line_1_23' title="bbox 72 1836 632 1910; baseline -0.004 -17"><span class='ocrx_word' id='word_1_131' title='bbox 72 1846 98 1894; x_wconf 92' lang='lat' dir='ltr'>et</span> <span class='ocrx_word' id='word_1_132' title='bbox 128 1836 199 1893; x_wconf 88' lang='lat' dir='ltr'>rocul</span> <span class='ocrx_word' id='word_1_133' title='bbox 209 1838 397 1910; x_wconf 86' lang='lat' dir='ltr'>adspexitluco</span> <span class='ocrx_word' id='word_1_134' title='bbox 407 1839 519 1894; x_wconf 89' lang='lat' dir='ltr'>residere</span> <span class='ocrx_word' id='word_1_135' title='bbox 529 1838 632 1904; x_wconf 82' lang='lat' dir='ltr'>virenti,</span> 
     </span>
    </p>

    <p class='ocr_par' dir='ltr' id='par_1_23' title="bbox 73 1856 696 1984">
     <span class='ocr_line' id='line_1_24' title="bbox 73 1856 696 1984; baseline -0.003 -16"><span class='ocrx_word' id='word_1_136' title='bbox 73 1856 146 1968; x_wconf 83' lang='lat' dir='ltr'>llelia</span> <span class='ocrx_word' id='word_1_137' title='bbox 158 1912 230 1976; x_wconf 86' lang='lat' dir='ltr'>diva,</span> <span class='ocrx_word' id='word_1_138' title='bbox 244 1919 302 1967; x_wconf 89' lang='lat' dir='ltr'>tuo:</span> <span class='ocrx_word' id='word_1_139' title='bbox 323 1930 376 1983; x_wconf 88' lang='lat' dir='ltr'>quo</span> <span class='ocrx_word' id='word_1_140' title='bbox 388 1914 522 1984; x_wconf 90' lang='lat' dir='ltr'>quondam</span> <span class='ocrx_word' id='word_1_141' title='bbox 533 1913 599 1968; x_wconf 85' lang='lat' dir='ltr'>victa</span> <span class='ocrx_word' id='word_1_142' title='bbox 608 1913 696 1967; x_wconf 85' lang='lat' dir='ltr'>lurore</span> 
     </span>
    </p>

    <p class='ocr_par' dir='ltr' id='par_1_24' title="bbox 73 1986 864 2060">
     <span class='ocr_line' id='line_1_25' title="bbox 73 1986 864 2060; baseline -0.003 -18"><span class='ocrx_word' id='word_1_143' title='bbox 73 1987 148 2043; x_wconf 84' lang='lat' dir='ltr'>venit</span> <span class='ocrx_word' id='word_1_144' title='bbox 156 1987 304 2060; x_wconf 83' lang='lat' dir='ltr'>Nyctelium</span> <span class='ocrx_word' id='word_1_145' title='bbox 314 1986 420 2059; x_wconf 85' lang='lat' dir='ltr'>lugiens</span> <span class='ocrx_word' id='word_1_146' title='bbox 430 1988 552 2044; x_wconf 89' lang='lat' dir='ltr'>Cadmeis</span> <span class='ocrx_word' id='word_1_147' title='bbox 560 1987 649 2059; x_wconf 82' lang='lat' dir='ltr'>Agave</span> <span class='ocrx_word' id='word_1_148' title='bbox 826 1993 864 2034; x_wconf 83' lang='lat'>1¹⁰</span> 
     </span>
    </p>

    <p class='ocr_par' dir='ltr' id='par_1_25' title="bbox 73 2060 672 2117">
     <span class='ocr_line' id='line_1_26' title="bbox 73 2060 672 2117; baseline -0.005 -1"><span class='ocrx_word' id='word_1_149' title='bbox 73 2060 197 2117; x_wconf 90' lang='lat' dir='ltr'>inlandas</span> <span class='ocrx_word' id='word_1_150' title='bbox 207 2061 328 2115; x_wconf 85' lang='lat' dir='ltr'>scelerata</span> <span class='ocrx_word' id='word_1_151' title='bbox 339 2078 435 2115; x_wconf 90' lang='lat' dir='ltr'>manus</span> <span class='ocrx_word' id='word_1_152' title='bbox 444 2079 459 2115; x_wconf 88' lang='lat' dir='ltr'>e</span> <span class='ocrx_word' id='word_1_153' title='bbox 467 2061 544 2115; x_wconf 83' lang='lat' dir='ltr'>caede</span> <span class='ocrx_word' id='word_1_154' title='bbox 552 2068 672 2114; x_wconf 85' lang='lat' dir='ltr'>cruenta:</span> 
     </span>
    </p>

    <p class='ocr_par' dir='ltr' id='par_1_26' title="bbox 75 2134 731 2208">
     <span class='ocr_line' id='line_1_27' title="bbox 75 2134 731 2208; baseline -0.014 -16"><span class='ocrx_word' id='word_1_155' title='bbox 75 2152 146 2207; x_wconf 87' lang='lat' dir='ltr'>quae</span> <span class='ocrx_word' id='word_1_156' title='bbox 154 2134 248 2208; x_wconf 84' lang='lat' dir='ltr'>gelidis</span> <span class='ocrx_word' id='word_1_157' title='bbox 258 2135 380 2189; x_wconf 76' lang='lat' dir='ltr'>bacchata</span> <span class='ocrx_word' id='word_1_158' title='bbox 391 2135 462 2207; x_wconf 89' lang='lat' dir='ltr'>iugis</span> <span class='ocrx_word' id='word_1_159' title='bbox 473 2134 601 2205; x_wconf 85' lang='lat' dir='ltr'>requievit</span> <span class='ocrx_word' id='word_1_160' title='bbox 611 2134 637 2186; x_wconf 93' lang='lat' dir='ltr'>in</span> <span class='ocrx_word' id='word_1_161' title='bbox 649 2139 731 2196; x_wconf 86' lang='lat' dir='ltr'>antro,</span> 
     </span>
    </p>

    <p class='ocr_par' dir='ltr' id='par_1_27' title="bbox 73 2207 671 2283">
     <span class='ocr_line' id='line_1_28' title="bbox 73 2207 671 2283; baseline -0.01 -19"><span class='ocrx_word' id='word_1_162' title='bbox 73 2209 204 2283; x_wconf 89' lang='lat' dir='ltr'>posterius</span> <span class='ocrx_word' id='word_1_163' title='bbox 213 2226 324 2281; x_wconf 92' lang='lat' dir='ltr'>poenam</span> <span class='ocrx_word' id='word_1_164' title='bbox 334 2209 406 2281; x_wconf 88' lang='lat' dir='ltr'>gnati</span> <span class='ocrx_word' id='word_1_165' title='bbox 417 2226 446 2262; x_wconf 88' lang='lat' dir='ltr'>se</span> <span class='ocrx_word' id='word_1_166' title='bbox 455 2216 537 2262; x_wconf 89' lang='lat' dir='ltr'>morta</span> <span class='ocrx_word' id='word_1_167' title='bbox 545 2207 671 2261; x_wconf 85' lang='lat' dir='ltr'>laturam.</span> 
     </span>
    </p>

    <p class='ocr_par' dir='ltr' id='par_1_28' title="bbox 73 2279 662 2343">
     <span class='ocr_line' id='line_1_29' title="bbox 73 2279 662 2343; baseline -0.012 -3"><span class='ocrx_word' id='word_1_168' title='bbox 73 2286 124 2340; x_wconf 83' lang='lat' dir='ltr'>llio</span> <span class='ocrx_word' id='word_1_169' title='bbox 132 2283 210 2338; x_wconf 88' lang='lat' dir='ltr'>etiam</span> <span class='ocrx_word' id='word_1_170' title='bbox 219 2283 298 2338; x_wconf 87' lang='lat' dir='ltr'>viridi</span> <span class='ocrx_word' id='word_1_171' title='bbox 309 2282 429 2338; x_wconf 89' lang='lat' dir='ltr'>ludentes</span> <span class='ocrx_word' id='word_1_172' title='bbox 438 2284 522 2337; x_wconf 89' lang='lat' dir='ltr'>Panes</span> <span class='ocrx_word' id='word_1_173' title='bbox 534 2282 562 2335; x_wconf 93' lang='lat' dir='ltr'>in</span> <span class='ocrx_word' id='word_1_174' title='bbox 571 2279 662 2343; x_wconf 87' lang='lat' dir='ltr'>herba,</span> 
     </span>
    </p>

    <p class='ocr_par' dir='ltr' id='par_1_29' title="bbox 73 2353 864 2431">
     <span class='ocr_line' id='line_1_30' title="bbox 73 2353 864 2431; baseline -0.009 -18"><span class='ocrx_word' id='word_1_175' title='bbox 73 2357 193 2431; x_wconf 77' lang='lat' dir='ltr'>etSatyri</span> <span class='ocrx_word' id='word_1_176' title='bbox 205 2358 375 2431; x_wconf 82' lang='lat' dir='ltr'>Dryadesque</span> <span class='ocrx_word' id='word_1_177' title='bbox 383 2357 476 2411; x_wconf 90' lang='lat' dir='ltr'>choros</span> <span class='ocrx_word' id='word_1_178' title='bbox 486 2372 561 2428; x_wconf 88' lang='lat' dir='ltr'>egere</span> <span class='ocrx_word' id='word_1_179' title='bbox 570 2353 673 2426; x_wconf 89' lang='lat' dir='ltr'>puellae</span> <span class='ocrx_word' id='word_1_180' title='bbox 826 2364 864 2406; x_wconf 75' lang='lat'>115</span> 
     </span>
    </p>

    <p class='ocr_par' dir='ltr' id='par_1_30' title="bbox 72 2428 758 2501">
     <span class='ocr_line' id='line_1_31' title="bbox 72 2428 758 2501; baseline -0.009 -13"><span class='ocrx_word' id='word_1_181' title='bbox 72 2432 206 2489; x_wconf 87' lang='lat' dir='ltr'>Naiadum</span> <span class='ocrx_word' id='word_1_182' title='bbox 215 2439 296 2486; x_wconf 88' lang='lat' dir='ltr'>coetu.</span> <span class='ocrx_word' id='word_1_183' title='bbox 325 2432 438 2486; x_wconf 89' lang='lat' dir='ltr'>Tantum</span> <span class='ocrx_word' id='word_1_184' title='bbox 448 2446 501 2485; x_wconf 91' lang='lat' dir='ltr'>non</span> <span class='ocrx_word' id='word_1_185' title='bbox 511 2428 633 2501; x_wconf 69' lang='lat' dir='ltr'>Orpheus</span> <span class='ocrx_word' id='word_1_186' title='bbox 642 2428 758 2483; x_wconf 83' lang='lat' dir='ltr'>Hebrum</span> 
     </span>
    </p>

    <p class='ocr_par' dir='ltr' id='par_1_31' title="bbox 73 2504 660 2578">
     <span class='ocr_line' id='line_1_32' title="bbox 73 2504 660 2578; baseline -0.012 -15"><span class='ocrx_word' id='word_1_187' title='bbox 73 2515 215 2563; x_wconf 81' lang='lat' dir='ltr'>restantem</span> <span class='ocrx_word' id='word_1_188' title='bbox 225 2507 310 2562; x_wconf 89' lang='lat' dir='ltr'>tenuit</span> <span class='ocrx_word' id='word_1_189' title='bbox 318 2506 382 2578; x_wconf 84' lang='lat' dir='ltr'>ripis</span> <span class='ocrx_word' id='word_1_190' title='bbox 391 2505 526 2576; x_wconf 88' lang='lat' dir='ltr'>silvasque</span> <span class='ocrx_word' id='word_1_191' title='bbox 534 2504 660 2569; x_wconf 83' lang='lat' dir='ltr'>canende,</span> 
     </span>
    </p>

    <p class='ocr_par' dir='ltr' id='par_1_32' title="bbox 74 2578 712 2655">
     <span class='ocr_line' id='line_1_33' title="bbox 74 2578 712 2655; baseline -0.009 -18"><span class='ocrx_word' id='word_1_192' title='bbox 74 2590 206 2655; x_wconf 90' lang='lat' dir='ltr'>quantum</span> <span class='ocrx_word' id='word_1_193' title='bbox 218 2589 250 2645; x_wconf 84' lang='lat' dir='ltr'>te,</span> <span class='ocrx_word' id='word_1_194' title='bbox 266 2582 362 2646; x_wconf 79' lang='lat' dir='ltr'>Pensa,</span> <span class='ocrx_word' id='word_1_195' title='bbox 377 2589 550 2634; x_wconf 87' lang='lat' dir='ltr'>remorantem</span> <span class='ocrx_word' id='word_1_196' title='bbox 559 2579 602 2634; x_wconf 86' lang='lat' dir='ltr'>dia</span> <span class='ocrx_word' id='word_1_197' title='bbox 612 2578 712 2641; x_wconf 87' lang='lat' dir='ltr'>eborea,</span> 
     </span>
    </p>

    <p class='ocr_par' dir='ltr' id='par_1_33' title="bbox 10 2652 647 2732">
     <span class='ocr_line' id='line_1_34' title="bbox 10 2652 647 2732; baseline -0.005 -21"><span class='ocrx_word' id='word_1_198' title='bbox 10 2706 19 2731; x_wconf 37' lang='grc' dir='ltr'>Ι.</span> <span class='ocrx_word' id='word_1_199' title='bbox 73 2657 158 2713; x_wconf 86' lang='lat' dir='ltr'>multa</span> <span class='ocrx_word' id='word_1_200' title='bbox 168 2655 216 2711; x_wconf 90' lang='lat' dir='ltr'>tibi</span> <span class='ocrx_word' id='word_1_201' title='bbox 225 2655 291 2711; x_wconf 90' lang='lat' dir='ltr'>laeto</span> <span class='ocrx_word' id='word_1_202' title='bbox 299 2654 438 2712; x_wconf 84' lang='lat' dir='ltr'>fundentes</span> <span class='ocrx_word' id='word_1_203' title='bbox 449 2653 548 2732; x_wconf 84' lang='lat' dir='ltr'>gaudia</span> <span class='ocrx_word' id='word_1_204' title='bbox 557 2652 647 2719; x_wconf 59' lang='lat' dir='ltr'>vultu„</span> 
     </span>
    </p>
   </div>
   <div class='ocr_carea' id='block_1_3' title="bbox 0 0 940 3052">
    <p class='ocr_par' dir='ltr' id='par_1_34' title="bbox 0 0 940 3052">
     <span class='ocr_line' id='line_1_35' title="bbox 0 0 940 3052; baseline 0 0"><span class='ocrx_word' id='word_1_205' title='bbox 0 0 940 3052; x_wconf 95' lang='lat' dir='ltr'> </span> 
     </span>
    </p>
   </div>
  </div>
 </body>
</html>
