1846 3052
93 112 98 121 ’
176 149 209 204 ao
339 150 747 216 armemanensis
834 133 838 140 '

176 254 261 310 Huius
271 251 376 307 odorata
385 251 483 306 radioes
493 251 603 324 ineoqua
611 251 721 318 Baecho,

123 341 162 385 280
176 327 326 403 pabulaque
336 327 364 380 in
373 325 474 380 loribus
484 326 569 398 plenis
579 343 680 398 appone
689 325 822 382 canistris.

216 402 276 467 Sed,
287 403 311 456 ai
322 419 402 474 quem
410 400 495 472 proles
505 401 593 456 subito
602 399 722 456 deiecerit
730 401 828 466 omnia,

178 495 235 542 nee,
246 494 330 550 genus
340 476 411 530 unde
421 493 503 531 novae
512 476 744 548 stirpissevoeetur
752 475 873 532 habebit:

177 562 292 625 tempus,
303 559 329 606 et
338 550 441 620 Arcadii
450 550 618 605 memoranda
628 551 734 606 inventa
743 550 864 625 magistri

178 627 301 700 pandere,
311 625 504 698 quoquemodo
512 626 594 680 eaesis
604 626 657 680 iarn
667 642 743 697 saepe
752 625 871 682 iuvencis

126 714 165 757 285
179 701 326 757 insincerus
338 718 399 771 apes
408 699 590 755 tuleritcruor.
609 699 696 755 Altius
704 717 815 756 omnem

179 775 317 848 expediam
325 775 410 845 prima
420 781 538 846 repetens
547 775 690 848 aborigine
699 773 809 831 lamam.

180 852 248 906 Nam
258 868 312 923 qua
321 848 414 905 Pellaei
424 866 489 922 gens
499 848 627 904 fortunata
636 849 737 921 Canopi

182 924 272 980 accolit
281 924 363 978 effuso
373 931 539 996 stagnantem
549 923 659 979 llnmine
668 924 770 991 Nilum,

181 1007 206 1055 et
215 999 313 1053 circum
323 998 399 1070 pictis
408 999 513 1053 vehitur
522 1016 571 1053 sna
581 1017 642 1053 rura
651 997 755 1068 faselis3

129 1085 168 1130 rao
182 1091 288 1147 quaque
295 1073 456 1144 pharetratae
467 1073 563 1128 vicinia
573 1073 685 1128 Persidis
694 1081 781 1148 urget,

183 1157 207 1204 at
216 1149 319 1203 diversa
329 1165 408 1203 niens
419 1155 517 1220 septem
527 1149 650 1203 discurrit
658 1148 685 1202 in
694 1165 740 1204 ora

183 1241 270 1296 usque
279 1222 397 1278 coloratis
407 1224 493 1277 amnis
502 1223 618 1278 devexus
627 1224 661 1278 ab
670 1224 757 1279 Indis:

185 1308 209 1354 et
218 1298 330 1356 viridem
338 1298 488 1372 Aegyptum
498 1299 573 1370 nigra
583 1297 704 1354 fecundat
713 1315 802 1365 arena,

185 1375 271 1429 omnia
280 1375 309 1428 in
318 1374 472 1428 haecertam
483 1373 555 1446 regio
564 1373 623 1427 iacit
632 1380 686 1428 arte
695 1373 819 1429 salutem.
922 1411 923 1424 ,

131 1460 171 1504 295
184 1449 306 1521 Exiguus
315 1448 441 1519 primum,
456 1455 534 1519 atque
543 1447 615 1518 ipsos
624 1454 771 1502 eontraetus
781 1448 816 1504 ad
823 1454 890 1511 uana.
922 1439 923 1470 l

186 1522 291 1595 eligitur
300 1521 380 1577 locus.
399 1524 476 1576 Hunc
483 1523 642 1595 angustique
651 1521 761 1577 imbrioa
770 1524 831 1578 tacti

186 1597 383 1670 parietibusque
392 1605 516 1667 premunt
525 1597 597 1662 artis,
608 1604 634 1651 et
642 1604 755 1669 quatuor
765 1597 871 1661 addunt,

188 1679 299 1744 quatuor
311 1671 429 1733 aventis,
439 1669 546 1742 obliqua
557 1671 614 1726 luce
622 1671 756 1728 fenestras.

188 1747 256 1799 Tum
266 1743 376 1809 vitulus,
392 1745 464 1799 bima
474 1761 589 1801 curvans
598 1747 650 1800 iam
660 1762 758 1801 earnua
768 1745 858 1810 bonta,

135 1831 174 1875 300
188 1820 335 1893 quaeritur:
355 1820 547 1893 huicgeminae
557 1839 632 1876 nares
642 1821 848 1892 etspiritusoris

189 1894 272 1950 multa
282 1893 418 1949 reluctanti
426 1896 579 1961 obstruitur,
591 1895 731 1970 plagisque
739 1903 854 1968 peremto

189 1978 268 2024 tunsa
277 1987 323 2041 per
331 1971 458 2042 integram
469 1970 609 2026 solvuntur
618 1973 718 2026 viscera
728 1970 835 2044 pellem.

190 2045 233 2100 Sia
242 2045 357 2116 positum
371 2045 398 2099 in
408 2046 496 2099 clauso
506 2045 639 2117 linquunt,
651 2054 677 2100 et
687 2063 774 2100 ramea
783 2045 861 2101 uastis

191 2120 335 2175 subiiciunt
344 2119 497 2193 fragmenta,
513 2121 646 2194 thymum,
658 2121 796 2191 casiasque
805 2124 915 2176 renense

138 2204 177 2248 ³05
190 2196 244 2249 Hoc
253 2195 359 2268 geritur,
371 2195 494 2269 zephyris
503 2196 619 2267 primum
629 2195 826 2267 impellentibus
834 2192 913 2254 undar

192 2275 251 2324 ante
261 2270 337 2325 novis
346 2270 457 2324 rubeant
466 2288 545 2343 quam
556 2278 629 2342 prata
640 2270 780 2336 coloribus,
793 2277 853 2325 ante

192 2342 298 2416 garrula
308 2362 389 2415 quam
399 2345 480 2417 tignis
491 2343 584 2399 nidum
594 2346 737 2417 suspendat
746 2345 870 2401 hirundo.

193 2419 291 2472 Interea
301 2419 396 2472 teneris
406 2419 545 2489 tepefactus
555 2421 583 2475 in
593 2422 698 2476 ossibus
707 2420 805 2476 humor

194 2499 301 2558 aestuat,
314 2500 339 2546 et
348 2493 456 2548 visenda
466 2495 552 2549 modis
562 2495 686 2550 animalia
698 2496 784 2560 miris,

141 2577 180 2620 310
196 2575 286 2621 trunca
295 2567 392 2638 pedum
402 2567 497 2640 primo,
510 2587 572 2624 mox
582 2579 607 2625 et
616 2569 751 2624 stridentia
760 2570 865 2642 pennis,

192 2642 347 2712 miscentur,
360 2650 519 2719 tenuemque
528 2645 613 2720 magia
623 2646 708 2720 magis
718 2647 905 2720 aeracarpunr
