1846 3052
159 114 191 167 ll
321 118 349 164 Ρ.
368 114 543 163 VIRGILII
560 114 733 162 MARONIS

103 231 129 274 35
154 220 212 291 ipsa
220 215 295 273 Palas
306 233 383 291 agros
393 223 472 288 atque
481 215 538 287 ipss
546 214 654 285 reliquit
662 214 768 286 Apollo.

157 293 274 350 Grandia
282 309 360 363 saepe
369 292 469 364 quibus
479 289 666 344 mandavimus
676 290 773 344 hordea
784 290 878 358 sulcis,

158 367 251 423 infelix
260 366 353 422 lolium
362 375 388 420 et
396 365 498 420 steriles
506 371 653 420 nascuntur
661 381 769 420 avenae.

156 444 207 499 Pro
216 440 290 497 molli
300 440 379 505 viola,
391 458 441 512 pro
448 456 581 512 purpureo
590 439 707 494 narcisso
734 454 737 459 ·

156 516 271 572 carduus
280 522 306 570 st
313 516 399 587 spinis
411 516 497 587 surgit
505 513 625 586 paliurus
634 513 744 595 saitis}

103 600 129 647 lo
153 591 396 664 Spargitshumum
405 589 489 651 loliis:
511 588 626 643 inducite
635 587 882 657 lontibusumbras‚

156 673 285 739 pastores:
306 664 423 738 (mandat
433 662 489 718 fieri
499 662 552 718 sibi
561 662 623 718 talia
632 663 772 737 Daphnis)

157 748 183 797 et
192 739 328 796 tumulum
337 739 422 804 facita,
434 746 460 794 et
469 737 573 793 tumulo
581 737 749 808 superaddite
757 755 879 795 sarman:

157 817 263 871 Damus
272 832 320 870 ssu
328 833 354 868 in
363 833 446 877 snus,
459 831 516 868 nanc
525 831 601 876 ussus
611 830 644 866 an
653 830 739 868 unum
748 832 832 883 nonus,

157 907 260 946 nonnosi
270 907 369 945 insonis
378 905 473 954 custos,
484 905 618 943 roanosion
627 905 690 942 uss.

102 972 129 1019 ln
192 981 241 1018 nm.
261 962 409 1018 Taletnum
418 980 524 1017 cannen
535 962 621 1026 nobis,
632 960 816 1033 divinapodta,

157 1038 236 1110 quale
245 1055 323 1108 sopor
332 1038 408 1092 fessis
418 1039 446 1092 in
456 1037 585 1111 gramine,
599 1035 679 1107 quala
686 1054 734 1108 per
743 1043 846 1092 aestum

157 1113 243 1169 dulcis
253 1129 338 1183 aquae
346 1112 455 1166 salianta
463 1113 536 1166 sitim
546 1112 708 1184 restinguere
717 1111 784 1167 rivo.

157 1189 212 1243 Nae
220 1186 425 1243 calamissolum
435 1187 723 1258 aequiparas‚sadvoce
731 1187 899 1261 magistrum:

156 1261 285 1318 fortunata
293 1279 370 1334 puer,
380 1269 411 1317 tu
420 1278 493 1317 nunu
500 1263 553 1316 eris
562 1261 626 1316 altar
637 1261 736 1317 abillo.

103 1349 128 1392 5⁰
153 1339 207 1395 Nos
216 1344 305 1392 tamen
319 1338 384 1393 hasa
395 1353 556 1410 quocunque
568 1335 708 1423 modotibi
722 1343 811 1392 nostra
823 1337 867 1394 vi·

593 1427 686 1465 cissim

157 1485 287 1551 dinamus,
298 1485 476 1560 Daphninqus
484 1492 561 1541 tuum
570 1484 694 1541 tollemus
704 1484 738 1539 ad
746 1492 829 1554 astm3

157 1559 280 1631 Daphnin
292 1560 327 1615 ad
337 1567 405 1618 astra
414 1561 543 1616 ieramus:
563 1561 663 1616 amavit
676 1576 725 1615 nos
739 1576 848 1632 quoquo

596 1637 633 1689 Da
653 1635 725 1689 huis.

157 1725 208 1764 uo.
229 1707 271 1763 An
281 1709 430 1780 quidquam
439 1708 516 1763 nobis
525 1708 571 1764 tali
581 1711 616 1764 sit
625 1652 735 1765 gunano
743 1707 850 1764 maius?

157 1783 192 1838 Et
201 1800 266 1854 puar
276 1784 332 1854 ipse
343 1782 393 1837 luit
402 1784 502 1838 cantari
511 1783 619 1857 dignus,
631 1791 656 1838 et
664 1785 714 1839 ista

104 1869 130 1912 55
155 1858 207 1912 iam
218 1858 323 1930 pridem
332 1857 458 1913 Stimicon
469 1857 711 1914 laudavitcarmina
721 1858 809 1914 nobis.

194 1949 243 1987 Mn.
263 1932 399 1986 Candidus
408 1933 543 1987 insuetum
552 1934 663 1988 miratur
673 1934 753 1988 limen
764 1933 883 2007 Olympi,

158 2007 210 2061 sub
219 2006 386 2078 pedibusque
394 2007 466 2063 videt
475 2007 561 2062 nubes
569 2017 595 2062 et
603 2009 689 2062 sidera
698 2008 827 2078 Daphnis.

157 2082 229 2154 Ergo
239 2080 332 2136 alacris
342 2081 424 2138 silvas
434 2089 460 2136 et
468 2089 550 2137 uetera
560 2099 620 2136 rura
631 2081 753 2153 voluptas

158 2156 283 2227 Panaque
291 2164 463 2229 pastoresque
471 2164 541 2212 tanat
548 2157 721 2230 Dryadasque
730 2156 851 2237 puellasl

7 2285 9 2293 ,
104 2241 130 2284 6⁰
157 2230 211 2284 Nec
220 2230 300 2301 lupus
310 2231 421 2286 insidias
430 2232 525 2303 pecori,
536 2248 584 2286 naa
592 2232 654 2286 retia
664 2232 749 2287 oervis

159 2304 214 2359 ulla
225 2304 317 2360 dolum
327 2306 500 2362 meditantur:
521 2315 592 2361 amat
600 2306 687 2361 bonus
695 2308 748 2362 otia
757 2308 883 2380 Daphnis.

158 2379 211 2450 Ipsi
223 2379 317 2433 laetitia
328 2397 404 2435 voces
413 2381 447 2435 ad
456 2381 542 2436 sidam
553 2382 649 2437 iactant

159 2454 256 2509 intonsi
266 2462 382 2518 montem
404 2456 477 2526 ipsae
486 2456 541 2511 iam
550 2457 667 2513 carmina
677 2472 765 2527 rupes,

159 2528 216 2600 ipsa
225 2536 320 2583 sonant
329 2530 449 2599 arbusta;
470 2531 545 2596 deus,
557 2531 624 2587 daus
633 2531 687 2596 ille,
699 2530 823 2588 uenales

105 2614 130 2656 5⁵
155 2603 197 2658 Sis
207 2603 522 2678 bonusolslixquatnisl
542 2607 584 2662 En
592 2614 707 2680 quatuor
715 2624 783 2672 aras,
