1846 3052
173 138 224 193 200
341 141 371 187 P.
391 135 563 186 vluolun
579 135 754 183 HARONIS

175 242 283 307 auxilia,
295 238 418 297 attractis
428 237 570 292 discentem
580 253 684 292 currere
693 237 787 294 remis.

176 318 239 373 inde
248 316 324 390 Gyan
334 314 474 386 ipsamque
483 312 585 386 ingenti
593 311 662 367 mole
671 310 842 368 Chimaeram

174 391 358 463 consequitur3
378 387 456 450 cedit,
463 387 591 459 quoniam
601 385 711 458 spoliata
718 388 895 462 magistroeat

120 476 159 521 225
174 465 252 521 Solus
261 465 368 537 iamque
376 463 435 534 ipso
444 469 562 533 superest
572 462 600 517 in
610 462 663 517 line
670 460 829 529 Cloanthus,

175 558 256 612 quem
265 539 338 612 petit,
350 545 376 593 et
385 537 499 592 summis
508 537 624 592 adnixus
633 536 738 591 viribus
747 545 838 611 urget.

175 617 244 670 Tum
254 631 318 670 vero
328 613 473 686 ingeminat
481 611 588 677 clamor,
596 610 740 682 cunctique
748 618 898 684 sequentem

175 690 303 763 instigant
312 689 417 752 studiis,
430 694 586 759 resonatque
599 685 749 759 fragoribus
759 687 857 742 aether.

175 765 217 830 Hi,
224 763 597 836 propriumdeousetpartum‚
604 761 789 834 indignantur,
796 761 911 817 honorem

121 848 161 894 tto
176 839 204 895 ni
213 846 331 907 teneant;
352 835 591 908 vitamquevolunt
598 853 646 907 pro
658 834 738 890 laude
749 836 858 907 pacisci.

175 915 228 969 llos
238 930 377 968 successus
386 911 445 978 elit;
466 917 586 982 possunt,
599 911 751 982 quiaposse
759 911 891 967 ridentur.

175 989 209 1043 Et
217 987 271 1043 fors
281 987 399 1059 aequatis
411 985 542 1056 cepissent
551 985 667 1055 praemia
677 985 783 1040 msuis:

176 1064 213 1127 ni,
225 1062 327 1134 palmas
337 1067 418 1132 ponto
426 1060 537 1115 tendens
546 1068 681 1131 utrasque,
692 1057 841 1117 Cloanthus

176 1136 341 1209 fudissetque
352 1151 450 1207 preces,
461 1134 592 1206 divosque
600 1134 629 1189 in
639 1140 699 1189 vota
708 1142 843 1191 vocasset:

122 1221 161 1266 235
175 1213 220 1278 m,
236 1211 339 1285 quibus
351 1210 494 1283 imperium
508 1217 548 1265 est
561 1206 661 1282 pelagi,
677 1225 796 1280 quorum
810 1226 914 1283 aequora

669 1299 757 1348 ffll'ffl·

177 1360 254 1416 vobis
265 1359 348 1416 laetus
358 1376 407 1432 ego
415 1359 465 1414 hcc
473 1357 628 1413 candentem
637 1358 665 1412 in
677 1357 753 1412 litore
760 1364 870 1414 tenrum

177 1435 335 1490 constituam
345 1441 406 1490 ante
414 1451 482 1499 aras,
495 1432 549 1487 voti
558 1449 629 1498 reus,
641 1439 755 1508 extaque
765 1433 852 1489 salsos

177 1509 317 1579 porriciam
326 1509 354 1564 in
364 1508 469 1572 fluctus,
480 1514 506 1563 et
515 1508 578 1562 vina
588 1507 716 1579 liquentia
725 1505 851 1564 fundam.

176 1583 256 1647 Dixit,
268 1594 385 1654 eumque
393 1584 456 1638 imis
465 1584 517 1637 suh
527 1581 651 1637 fluctibus
662 1581 746 1637 audiit
754 1584 846 1638 omnis

123 1661 163 1712 ulo
177 1657 320 1711 Nereidum
329 1657 475 1729 Phorcique
484 1657 594 1725 chorus3
615 1658 792 1728 Panopeaque
804 1659 883 1733 virgo

178 1739 203 1785 et
212 1738 286 1802 pater
294 1733 351 1802 ipse
360 1748 442 1786 manu
455 1748 552 1804 magna
562 1733 693 1787 Portunus
703 1738 813 1786 euntem

178 1804 295 1876 impulit.
324 1805 372 1861 Illa
381 1812 443 1860 noto
452 1805 530 1860 citius
539 1806 695 1877 volucrique
703 1807 801 1880 sagitta

179 1879 213 1934 ad
222 1887 317 1934 terram
326 1879 395 1954 fugit
403 1887 428 1935 et
436 1887 514 1952 portu
524 1897 553 1935 se
563 1880 680 1935 condidit
687 1879 749 1936 alto.

180 1955 248 2008 Tum
257 1961 330 2009 satus
338 1954 465 2020 Anchisa,
475 1956 577 2010 cunetis
586 1973 620 2010 ex
630 1973 703 2010 more
710 1956 823 2021 voeatis,

125 2038 164 2084 255
179 2029 302 2084 victorem
314 2031 554 2102 magnapraeoonis
564 2046 628 2085 voca
636 2029 799 2086 Cloanthum

179 2102 301 2167 declarat,
312 2104 446 2176 viridique
455 2103 558 2159 advelat
566 2112 684 2177 tempora
693 2104 779 2159 lauro.

179 2179 341 2251 Muneraque
350 2179 379 2234 in
387 2196 468 2234 naves
479 2187 565 2234 ternos
573 2188 664 2251 optare
674 2180 813 2244 iuvencos,

181 2253 304 2324 vinaque,
316 2262 341 2309 et
350 2254 450 2328 argenti
460 2271 588 2327 magnum
597 2254 717 2309 detlerre
729 2252 873 2310 talentum.

180 2328 248 2397 lpsis
256 2330 410 2400 praecipuos
423 2329 576 2384 ductoribus
586 2329 659 2384 addit
668 2330 795 2384 honores:

126 2412 165 2456 250
180 2401 271 2456 victori
281 2402 448 2478 chlamydem
460 2410 587 2468 auramm,
603 2421 686 2475 quam
698 2402 855 2475 plurimaoi
886 2427 897 2453 ¹1
911 2430 921 2453 n

181 2494 299 2548 purpura
308 2478 449 2533 Maeandro
458 2477 558 2549 duplici
567 2478 694 2534 Meliboea
705 2479 842 2546 cucurrit,

180 2552 351 2625 intextusque
360 2569 425 2625 puer
434 2551 557 2608 frondosa
570 2554 659 2627 regius
669 2553 715 2608 Ida

177 2627 283 2688 veloces
294 2628 381 2688 iaculo
389 2645 483 2687 ceruus
490 2627 726 2700 oumuqueiahqat
