1846 3052
140 182 191 238 286
303 188 334 234 P.
353 185 526 235 VIRGILII
541 184 718 234 naucula

86 295 127 343 440
141 287 305 360 impositum,
319 287 434 342 cinerem
444 295 469 342 et
477 286 575 359 sopitos
585 285 696 341 suscitat
708 286 795 361 ignee,

140 371 243 418 noctem
258 362 356 416 addens
365 361 452 433 operi;
473 359 640 433 famulasque
653 361 687 416 ad
696 360 799 419 lumina
808 360 882 437 longo

141 444 243 493 exercet
251 452 342 508 penso,
355 443 456 491 castum
466 444 496 491 ut
505 448 610 490 servare
618 435 707 491 cubile

141 511 270 585 coniugis,
285 519 310 566 et
321 513 405 583 possit
413 528 509 583 parvos
518 509 627 566 educere
636 516 728 568 natos:

141 585 215 642 haud
223 603 298 640 secus
308 586 467 659 ignipotens,
480 602 527 641 nec
535 592 654 657 tempore
662 585 770 659 segnior
780 584 826 643 illo
922 590 923 597 ’

89 668 128 714 itt
142 659 269 716 mollibus
278 677 293 715 e
302 661 389 715 stratis
401 677 479 732 opera
491 660 525 715 ad
533 658 637 715 fabrilia
646 660 746 735 surgit.

142 734 232 789 Insula
245 735 379 789 Sicanium
389 735 462 790 iuxta
473 734 542 789 latus
551 734 725 807 Aeoliamque

142 810 252 882 erigitur
260 809 381 880 Liparen,
395 809 559 865 fumantibus
569 809 652 864 ardua
660 810 752 866 saxis:

143 900 225 956 quam
235 884 325 939 subter
335 901 429 955 specus
439 892 464 939 et
474 883 620 957 Cyclopum
629 901 708 940 exesa
717 882 831 940 caminis

144 966 218 1013 antra
227 958 339 1013 Aetnaea
348 966 448 1024 tonant,
460 958 596 1030 validique
603 959 750 1015 incudibus
759 960 827 1015 ictus

89 1041 129 1089 42⁰
143 1032 227 1088 auditi
236 1033 350 1088 referunt
360 1035 497 1107 gemitum,
510 1034 680 1106 striduntque
688 1036 810 1090 cavernis

144 1108 281 1163 stricturae
292 1108 452 1183 Chalybum,
463 1115 489 1162 et
497 1108 647 1164 fornacibus
658 1109 731 1183 ignis
741 1108 857 1185 anhelat,

145 1183 256 1238 Vulcani
265 1184 369 1252 domus,
381 1191 406 1238 et
415 1183 541 1239 Vulcania
551 1183 658 1238 nomine
670 1183 761 1239 tellus.

144 1259 198 1312 Hoc
207 1265 271 1313 tunc
280 1259 428 1332 ignipotens
438 1257 508 1312 coelo
517 1256 650 1312 descendit
660 1258 694 1312 ab
703 1257 766 1315 alto.

145 1334 257 1388 Ferrum
266 1334 419 1389 exercebant
427 1343 501 1388 vasto
510 1332 636 1407 Cyclopes
646 1333 676 1388 in
685 1340 771 1403 anuo,

92 1414 132 1462 425
145 1409 319 1481 Brontesque,
331 1409 517 1480 Steropesque,
530 1415 555 1464 et
565 1408 653 1463 nudus
664 1408 786 1464 membra
794 1407 883 1484 Pyrec

637 1500 709 1537 mon.

146 1559 194 1613 llis
202 1557 371 1613 informatum
381 1558 506 1613 manibus
516 1559 569 1612 iam
578 1564 651 1629 parte
659 1557 743 1629 polita

147 1632 248 1688 fulmen
258 1639 320 1697 erat,
331 1639 384 1687 tcto
393 1634 495 1706 genitor
503 1650 572 1705 quae
581 1632 697 1703 plurima
706 1632 779 1689 coelo

148 1707 235 1763 delicit
247 1707 274 1760 in
284 1715 379 1775 terras;
400 1726 462 1779 pars
472 1707 621 1778 imperfecta
631 1707 765 1763 manebat.

148 1783 212 1836 Tres
222 1781 315 1835 imbris
324 1783 383 1835 torti
393 1783 489 1846 radios,
504 1790 557 1837 tres
567 1782 647 1837 nubis
656 1799 774 1854 aquosae

94 1866 135 1914 434
149 1856 309 1920 addiderant,
322 1856 394 1910 rutili
402 1864 455 1912 tres
466 1858 537 1931 ignis
546 1865 571 1913 et
579 1857 650 1912 alitis
660 1858 754 1913 austri.

148 1931 276 2005 Fulgores
285 1949 356 1987 nunc
365 1932 508 1999 horrificos,
521 1933 691 2004 sonitumque
700 1939 856 2005 metumque

149 2006 294 2062 miscebant
303 2007 383 2078 operi,
397 2006 564 2080 flammisque
574 2007 733 2080 sequacibus
744 2008 807 2061 iras.

150 2084 226 2137 Parte
235 2081 284 2137 alia
295 2083 370 2138 Marti
380 2099 542 2155 currumque
551 2091 674 2155 rotasque
682 2080 804 2137 volucres

151 2157 292 2223 instabant,
303 2158 402 2229 quibus
413 2157 457 2213 ille
465 2159 545 2223 viros,
558 2157 657 2230 quibus
668 2157 765 2212 excitat
773 2155 866 2219 urbes;

97 2239 137 2287 les
152 2230 297 2304 aegidaque
308 2232 471 2297 horriferam,
482 2233 601 2289 turbatae
609 2231 724 2287 Palladis
735 2248 819 2296 arma,

152 2306 268 2362 certatim
277 2308 397 2378 squamis
407 2315 558 2380 serpentum
568 2325 686 2381 auroque
695 2305 824 2378 polibant,

151 2401 336 2455 connexaeque
346 2403 454 2459 angues,
466 2384 606 2457 ipsamque
615 2385 643 2439 in
653 2390 757 2456 pectore
765 2381 843 2436 dirae

154 2460 285 2532 Gorgona,
297 2458 398 2514 desecto
408 2467 549 2515 vertentem
560 2459 664 2514 lumina
672 2457 749 2514 collo.

154 2534 247 2591 Tollite
255 2541 357 2598 cuncta,
370 2534 466 2605 inquit,
478 2542 635 2606 coeptasque
644 2533 743 2588 auferte
751 2530 863 2597 labores,

97 2619 139 2670 llo
152 2610 264 2670 Aetnaei
273 2607 413 2686 Cyclopes,
424 2610 512 2663 etbuc
520 2609 644 2664 aduertite
652 2615 779 2663 mentem.

147 2691 238 2752 Arma
248 2688 307 2750 acri
315 2683 518 2748 iaciendauiro.
540 2679 823 2739 autunum,
