1846 3052
189 133 237 186 {50
350 139 381 184 Ρ.
401 134 571 182 VIRGILII
588 134 763 182 uauoms

185 253 262 310 parce
270 237 329 310 pias
339 234 464 290 scelerare
476 252 584 290 manus.
613 235 672 290 Non
681 233 788 307 mqtibj
797 234 873 291 Troia

185 320 325 368 externum
335 310 411 375 tulit,
424 318 469 367 aut
479 327 556 364 cruor
566 309 612 364 hic
620 309 654 364 de
663 303 773 383 stipite¹
793 304 866 367 duat.

186 390 243 442 lleu
262 385 325 459 fuge
338 384 457 440 crudeles
471 392 566 450 terras,
580 383 644 457 fuge
653 383 718 439 litus
728 384 790 439 atia'
816 392 852 439 m.

134 471 158 516 t5
186 464 254 516 Nam
264 460 411 534 Polydorus
422 477 478 533 ogo.
505 457 867 516 Hiceonlixumferreatexit

186 535 299 591 telorum
309 552 397 608 seges,
409 542 435 589 et
445 533 537 589 iaculis
548 534 658 588 increvit
667 535 762 588 acutis.

186 612 256 665 Tum
266 627 328 664 vero
338 610 444 680 ancipiti
456 616 569 663 mentem
580 607 721 663 formidine
729 624 843 679 pressus

187 685 326 756 obstupui,
338 691 518 755 steteruntque
530 699 633 747 oomae,
646 691 671 737 et
680 700 735 738 vox
743 681 913 739 faucibusb

683 756 728 812 sit.

224 835 301 888 llunc
323 831 484 907 Polydorum
510 833 568 886 auri
586 831 723 904 quondam
741 848 807 886 cum
827 848 923 905 prmo>-

681 922 782 961 maeno

134 996 159 1038 so
188 981 281 1037 infelix
289 982 410 1037 Priamus
420 979 511 1035 furtim
522 946 796 1036 mandaratalendum
853 1014 880 1053 ν

189 1056 310 1112 Threicio
319 1056 389 1130 regi,
400 1072 486 1127 quum
497 1057 550 1109 iam
561 1054 691 1110 diffideret
701 1056 786 1110 armis
854 1068 903 1149 Q

189 1131 347 1196 Dardaniae,
358 1129 588 1204 cingiqueurbem
597 1130 734 1185 obsidione
743 1129 856 1205 videret.
884 1146 910 1199 a}

189 1204 251 1271 ltle',
262 1212 291 1261 ut
300 1202 362 1278 oy'res
372 1204 466 1260 fractae
475 1206 620 1270 Teucrum,
632 1211 659 1260 et
667 1205 786 1260 Fortuna
796 1194 905 1269 rdoass'it

190 1301 232 1337 res
243 1281 466 1356 Agamemnonias
476 1279 647 1351 victriciaque
655 1297 729 1352 arma
738 1286 860 1345 secutus,

137 1370 162 1413 55
190 1357 230 1411 ias
241 1374 320 1411 omne
329 1355 477 1427 abrumpit,
489 1353 652 1428 Polydorum
661 1348 812 1419 obtrudunt,
824 1362 911 1413 etam

190 1432 218 1488 vi
228 1433 334 1503 potitur.
366 1430 437 1507 Quid
446 1447 498 1485 non
511 1428 631 1484 mortalia
638 1436 743 1501 pectora
752 1429 838 1503 cogis,

192 1500 439 1561 aurisacraiam'esl
459 1506 603 1589 Postquam
612 1521 695 1576 pavor
704 1521 765 1559 ossa
775 1504 889 1577 reliquit,

192 1580 303 1635 delectos
319 1579 409 1650 populi
425 1578 459 1634 ad
473 1580 592 1650 proceres
602 1579 777 1651 primumque
786 1586 909 1651 parentem

192 1662 309 1709 monstra
319 1654 399 1708 deum
409 1652 504 1719 refero,
516 1661 541 1708 et
550 1671 619 1726 quae
628 1653 663 1708 sit
672 1655 812 1719 sententia,
825 1668 903 1727 posco.

139 1743 164 1785 to
193 1729 326 1785 Omnibus
340 1728 411 1782 idem
421 1728 536 1793 animus,
550 1727 673 1783 scelerata
682 1728 808 1784 exoedere
817 1736 889 1791 terra,

193 1800 919 1875 linquipoltntnmhospitium,etdamelassibusaustro·

193 1880 264 1952 Ergo
274 1878 453 1932 instauramus
462 1877 590 1951 Polydoro
599 1876 696 1943 funus,
711 1877 844 1953 elingens

194 1953 327 2027 aggeritur
338 1952 440 2007 tumulo
450 1951 543 2021 tellus;
564 1959 634 2008 stant
642 1953 768 2008 Manibus
780 1940 915 2018 aaa(

194 2026 321 2083 caeruleis
331 2035 444 2082 moestae
453 2029 526 2083 vittis
536 2035 644 2100 atraque
653 2044 789 2098 cupresso,

141 2115 166 2157 tn
195 2111 220 2159 et
230 2103 329 2158 circum
339 2100 560 2168 lliades,crinem
570 2103 602 2157 do
612 2119 685 2157 more
694 2101 806 2157 solutae.

196 2177 338 2233 Inlerimus
348 2176 435 2249 tepido
445 2178 595 2249 spumantia
604 2176 711 2251 cymbia
721 2175 797 2242 lacte,

198 2253 336 2325 sanguinis
347 2260 371 2306 et
381 2251 446 2306 sacri
459 2259 575 2323 pateras,
598 2252 770 2323 animamque
779 2248 893 2322 sepulcro

197 2327 351 2392 condimus,
362 2336 387 2381 et
396 2344 492 2400 magna
502 2343 658 2398 supremum
668 2344 731 2381 voce
740 2326 854 2381 ciamus.

236 2399 314 2466 Inde,
327 2401 376 2455 ubi
386 2402 471 2472 prima
483 2399 546 2456 fides
555 2400 660 2474 pelago,
672 2400 828 2473 placataque
836 2394 900 2454 renti

144 2487 170 2530 to
198 2475 262 2530 dant
275 2474 368 2540 maria,
385 2483 409 2530 et
419 2474 486 2530 lenis
496 2477 706 2547 crepitansvocat
716 2482 804 2531 auster
814 2474 859 2531 iu⁴
889 2494 912 2517 11

189 2549 333 2607 'deducunt
343 2550 510 2615 sociinaves,
523 2558 548 2605 et
556 2549 632 2605 litora
642 2549 782 2622 complent
861 2560 865 2567 '

190 2626 374 2687 Provehimur
383 2635 481 2705 portu,
491 2633 630 2701 terraeque
635 2622 900 2697 nrbsqmmumt
