1846 3052
160 143 210 198 272
321 147 349 192 P.
368 144 540 192 VIRGILII
556 143 737 191 maltoms

159 246 312 319 cornipedes
322 251 441 301 arcentur
449 243 526 316 equi;
546 242 621 316 quod
627 241 704 299 litere
711 259 821 299 currum

105 337 146 380 tau
160 330 186 378 et
195 323 317 377 iuvenem
330 318 455 373 monstris
462 316 554 390 pavidi
564 316 680 389 effudere
687 318 808 374 marinis.

159 396 244 452 Filius
255 393 374 449 ardentes
384 392 456 447 baud
465 392 551 447 secius
560 408 676 464 aequore
684 393 774 464 campi

160 469 295 526 exercebat
303 483 395 540 equos,
404 483 539 538 curmque
547 467 574 521 in
588 465 659 523 bella
667 466 772 522 ruebat.

197 545 256 615 Ipse
267 543 333 598 inter
341 540 442 613 primos
452 540 595 612 praestanti
603 557 712 612 corpore
721 542 829 596 Turnus

160 618 270 672 vertitur
279 633 352 672 arma
360 622 460 679 uncus,
471 622 497 669 et
506 621 558 670 toto
566 615 664 671 uertice
671 631 755 686 supra
763 622 817 671 est:

900 39 917 315 l

107 705 146 748 785
160 691 202 746 cui
213 689 310 763 triplici
320 689 413 744 crinita
422 686 485 743 iub'a
494 687 569 761 galea
578 688 630 743 alta
639 688 809 745 Chimaeram
903 704 907 711 ·

161 765 282 829 sustinet,
294 763 420 819 Aetnaeos
429 761 560 818 efflantem
567 761 689 818 lancibus
702 764 793 836 ignes3

160 848 214 894 mm
225 837 310 910 magis
320 837 366 892 illa
375 836 498 901 fremens,
511 844 536 891 et
544 836 665 892 tristibus
680 836 759 892 effera
769 837 885 901 flammis,

162 929 244 985 quam
253 912 339 985 magis
350 911 433 966 effuso
441 910 600 965 cmdescunt
608 912 742 984 sanguine
750 928 859 985 pugnae.

162 988 196 1042 At
205 986 289 1042 levem
298 985 414 1058 clipeum
424 983 536 1040 sublatis
546 985 672 1040 cornibus
682 987 709 1040 lo

107 1072 148 1117 tau
162 1077 227 1116 auro
236 1059 389 1133 insignibat,
401 1059 454 1114 iam
464 1060 526 1113 setis
535 1058 631 1126 obsita,
641 1059 696 1114 iam
704 1059 764 1125 bos,

162 1141 348 1209 argumentum
358 1134 461 1206 ingens,
474 1139 499 1187 et
507 1140 595 1188 custos
604 1133 719 1206 virginis
728 1133 824 1206 Argus,
914 1134 918 1151 ⁸

162 1209 311 1279 caelataque
320 1225 425 1263 amnem
434 1205 548 1262 lundens
557 1214 630 1278 pater
637 1207 754 1263 Inachus
765 1216 852 1263 urna.'

163 1283 315 1354 Insequitur
326 1281 436 1337 nimbus
445 1279 574 1352 peditum,
582 1279 748 1355 clipeataque
756 1283 816 1338 tetis

163 1359 269 1431 agmina
280 1356 423 1411 densentur
431 1355 540 1426 campis,
555 1354 708 1429 Argivaque
718 1356 814 1428 pubes,

108 1441 148 1486 tte
162 1432 355 1502 Auruncaeque
364 1447 469 1494 manus,
478 1428 570 1484 Rutuli
580 1437 736 1502 veteresque
745 1429 838 1494 Sicani,
915 1432 918 1437 '

163 1513 188 1560 et
197 1505 324 1560 Sacranae
332 1505 409 1569 acies,
421 1510 446 1559 et
456 1503 518 1575 picti
528 1511 601 1559 scuta
614 1503 717 1559 Labici:

163 1580 211 1649 qui
225 1578 316 1642 saltus,
329 1579 459 1644 Tiberine,
473 1586 543 1643 tues,
557 1595 717 1649 sacrumque
725 1578 832 1634 Numici

164 1653 227 1707 litus
237 1659 322 1714 arant,
335 1651 499 1724 Rutulosque
510 1659 631 1708 exercent
639 1668 746 1706 vomere
758 1652 842 1715 eolles.

164 1726 354 1796 Circaeumque
364 1727 472 1798 iugum;
494 1727 555 1798 quis
565 1727 663 1798 iupiter
672 1725 803 1782 Anxurus
811 1725 874 1781 arvis

110 1810 149 1852 atu
164 1799 303 1872 praesidet,
315 1806 341 1853 et
351 1799 430 1854 viridi
439 1800 558 1873 gaudens
566 1801 677 1855 Femnia
687 1799 763 1869 lucc3

164 1890 217 1946 qua
227 1873 334 1928 Saturae
344 1873 409 1928 iacet
418 1881 473 1929 atra
482 1874 567 1946 palus,
578 1873 739 1948 gelidusque
752 1891 798 1945 per
809 1874 870 1929 imas

163 1948 265 2019 quaerit
275 1948 324 2002 iter
331 1947 412 2002 valles
422 1955 501 2019 atque
510 1948 539 2004 in
549 1965 621 2003 mare
628 1948 752 2003 conditur
761 1947 849 2003 Ufens.

201 2023 254 2076 llos
267 2038 346 2092 super
355 2020 462 2078 advenit
473 2021 567 2078 Volsca
576 2022 609 2077 de
618 2029 696 2095 gente
705 2021 827 2086 Camilla,

164 2113 259 2169 agmen
270 2114 349 2170 agens
359 2096 478 2167 equitum
488 2103 513 2150 et
522 2095 641 2151 florentes
650 2113 709 2151 aere
716 2103 843 2161 catarum,

111 2180 150 2223 eut
163 2170 299 2225 bellatrix:
321 2187 372 2224 nen
382 2169 428 2225 illa
437 2169 493 2225 colo
502 2169 644 2225 calathisve
655 2170 790 2225 Minervae

164 2243 290 2299 femineas
301 2251 404 2299 assueta
413 2261 519 2309 manus,
531 2244 578 2299 sed
586 2242 684 2316 proelia
693 2244 771 2317 virgo

164 2316 230 2372 dura
240 2318 303 2389 pati,
319 2335 452 2390 cursuque
462 2318 562 2390 pedum
570 2325 732 2391 praevertere
745 2328 845 2374 ventes.
919 2398 921 2405 Ι

165 2390 212 2445 Illa
223 2391 264 2445 vel
275 2391 384 2446 intactae
392 2393 487 2466 segetis
497 2409 543 2464 per
552 2409 658 2447 summa
670 2390 772 2447 volaret

164 2465 294 2538 gramina,
306 2482 354 2519 nec
362 2473 462 2521 teneras
472 2483 552 2522 cursu
563 2467 679 2522 laesisset
689 2466 797 2533 aristas;

111 2549 151 2591 81⁰
164 2538 206 2593 vel
220 2555 347 2610 mamper
356 2540 483 2605 medium,
496 2540 575 2596 lluctu
587 2557 715 2612 suspensa
724 2541 848 2604 tumenti,

162 2611 243 2672 ferret
252 2613 309 2682 iter,
320 2611 417 2670 celeres
425 2631 475 2670 nce
481 2615 613 2691 tingueret
621 2631 733 2685 aequore
741 2613 856 2685 plantas.
