1846 3052
100 151 272 200 ORGIGON
293 154 363 202 LIB.
384 155 430 202 Ν.
573 152 607 205 89

94 268 125 315 ae,
136 269 230 324 genus,
241 263 288 309 aut
297 254 383 309 invisa
391 255 525 312 Minervae

103 327 242 397 suspendit
250 346 344 383 aranea
354 346 448 385 casses.

94 409 172 456 iustae
181 400 287 469 fuerint,
298 404 348 458 hoc
357 404 443 460 acrius
451 422 543 462 omnes

94 476 134 530 zris
144 475 210 549 lapsi
220 479 316 532 sarcire
325 479 426 544 ruinas,

97 550 175 617 foros,
186 560 211 607 et
220 551 328 608 floribus
338 553 430 609 horrea
441 562 536 610 terent.
600 569 603 576 ’
625 567 664 611 255

94 627 153 682 riam
162 644 238 681 casus
249 628 344 698 apibus
353 647 460 702 quoque
470 638 571 687 nostros
621 659 623 665 ·

94 701 486 774 languebunteorporamorb03

95 777 164 831 ubiis
174 778 270 848 poteris
281 795 435 852 cognoscere
443 780 542 852 signis:

94 852 133 917 ‚ris
143 851 211 906 alius
220 852 303 921 eolor3
325 854 430 909 horrida
439 855 544 910 vultum

94 944 115 996 ³3
137 934 194 981 tum
204 944 311 999 corpora
321 928 379 984 luoe
387 937 522 985 carentum
627 941 665 984 255

94 1043 100 1066 ,
112 1009 136 1056 et
146 1003 229 1057 tristia
239 1002 331 1058 funera
340 1003 454 1074 ducunt3

96 1094 249 1132 sconnexae
259 1078 291 1133 ad
305 1078 398 1133 limina
406 1080 530 1151 pendent,

93 1160 267 1208 scunctantur
276 1154 304 1208 in
314 1154 423 1209 aedibus
433 1171 534 1218 omnes,

93 1245 111 1282 e
121 1235 145 1282 ct
154 1235 283 1283 contracto
293 1228 389 1302 frigore
397 1230 498 1302 pigrae.

94 1303 146 1357 itur
155 1304 268 1377 gravior,
280 1306 436 1375 tractimque
444 1307 598 1358 susurrant:
627 1312 667 1356 250

93 1378 169 1432 udam
179 1378 255 1434 silvis
265 1380 454 1434 immurmurat
463 1378 572 1446 Auster,

93 1455 229 1508 rmstridit
237 1453 408 1509 refluentibus
417 1453 513 1522 undis;

95 1529 116 1582 is
126 1529 234 1600 rapidus
243 1529 394 1585 fornacibus
404 1529 485 1603 ignia.

93 1622 132 1658 eos
142 1604 259 1660 suadebo
270 1604 408 1660 incendere
416 1604 517 1669 odores,

93 1680 166 1734 lineis
176 1679 270 1735 inferre
279 1680 425 1746 canalibus,
437 1679 508 1734 ultro
632 1687 669 1730 555

93 1773 146 1809 §sas
155 1756 189 1810 ad
198 1755 296 1826 pabula
305 1766 366 1810 nota
375 1763 520 1812 vocantem.

93 1848 142 1884 um
152 1830 236 1903 gallae
247 1833 388 1886 admiscere
397 1848 527 1902 saporem,

92 1924 121 1965 rs,
132 1914 177 1960 aut
186 1906 242 1980 igni
252 1907 361 1979 pinguia
370 1906 454 1960 multo

94 1981 147 2034 thia
157 1998 249 2052 passos
259 1982 291 2035 de
301 1982 354 2036 vite
363 1999 488 2045 racemos,

94 2056 228 2129 thymum,
239 2064 264 2110 et
272 2074 352 2129 grave
361 2056 457 2111 olentia
466 2060 610 2110 centaurea.
631 2062 670 2106 222

92 2149 105 2184 n
116 2133 206 2201 pratis,
219 2132 261 2185 eui
272 2149 367 2186 nomen
377 2130 473 2185 amello

92 2227 104 2270 ε,
117 2205 200 2260 facilis
211 2206 397 2277 quaerentibus
406 2206 500 2260 herba:

94 2289 198 2353 gentem
209 2281 275 2335 tollit
284 2281 317 2335 de
327 2281 423 2352 cespite
436 2280 541 2344 silvam,

92 2357 120 2409 ed
131 2357 156 2410 in
168 2355 246 2420 foliis,
262 2373 330 2428 quae
339 2355 454 2426 plurima
463 2357 562 2409 circum

93 2430 132 2485 lae
142 2430 263 2485 sublucet
271 2448 388 2502 purpura
399 2432 498 2504 nigrae.
634 2437 673 2479 225

92 2507 145 2560 exis
154 2515 258 2561 ornatae
268 2506 406 2577 torquibus
415 2503 491 2579 arae]

95 2600 152 2653 por.
173 2583 267 2637 Tonsis
277 2583 304 2637 in
315 2580 431 2635 vallibus
441 2580 518 2634 illum

92 2676 121 2714 ra
132 2656 223 2732 legunt
230 2673 312 2731 prope
321 2655 432 2712 flumina
440 2654 540 2713 Mellae.
