<?xml version="1.0" encoding="UTF-8"?>
<!DOCTYPE html PUBLIC "-//W3C//DTD XHTML 1.0 Transitional//EN"
    "http://www.w3.org/TR/xhtml1/DTD/xhtml1-transitional.dtd">
<html xmlns="http://www.w3.org/1999/xhtml" xml:lang="en" lang="en">
 <head>
  <title>
</title>
<meta http-equiv="Content-Type" content="text/html;charset=utf-8" />
  <meta name='ocr-system' content='tesseract 3.04.00' />
  <meta name='ocr-capabilities' content='ocr_page ocr_carea ocr_par ocr_line ocrx_word'/>
</head>
<body>
  <div class='ocr_page' id='page_1' title='image "./publivergilimar00virggoog/publivergilimar00virggoog_0415.png"; bbox 0 0 1846 3052; ppageno 0'>
   <div class='ocr_carea' id='block_1_1' title="bbox 205 157 783 211">
    <p class='ocr_par' dir='ltr' id='par_1_1' title="bbox 205 157 783 211">
     <span class='ocr_line' id='line_1_1' title="bbox 205 157 783 211; baseline -0.016 0"><span class='ocrx_word' id='word_1_1' title='bbox 205 157 256 211; x_wconf 57' lang='lat'><strong>1⁰⁰</strong></span> <span class='ocrx_word' id='word_1_2' title='bbox 367 161 397 206; x_wconf 89' lang='lat' dir='ltr'><strong>P.</strong></span> <span class='ocrx_word' id='word_1_3' title='bbox 415 158 588 207; x_wconf 78' lang='lat' dir='ltr'>VIRGILII</span> <span class='ocrx_word' id='word_1_4' title='bbox 603 157 783 205; x_wconf 71' lang='lat' dir='ltr'>HABONIS</span> 
     </span>
    </p>
   </div>
   <div class='ocr_carea' id='block_1_2' title="bbox 152 256 915 2628">
    <p class='ocr_par' dir='ltr' id='par_1_2' title="bbox 206 256 911 555">
     <span class='ocr_line' id='line_1_2' title="bbox 206 256 862 333; baseline -0.008 -15"><span class='ocrx_word' id='word_1_5' title='bbox 206 277 359 333; x_wconf 76' lang='lat' dir='ltr'>cornuaque</span> <span class='ocrx_word' id='word_1_6' title='bbox 366 258 459 314; x_wconf 83' lang='lat' dir='ltr'><strong>obnixi</strong></span> <span class='ocrx_word' id='word_1_7' title='bbox 469 258 593 331; x_wconf 82' lang='lat' dir='ltr'><strong>infigunt,</strong></span> <span class='ocrx_word' id='word_1_8' title='bbox 605 263 631 313; x_wconf 82' lang='lat' dir='ltr'><strong>et</strong></span> <span class='ocrx_word' id='word_1_9' title='bbox 639 257 773 330; x_wconf 82' lang='lat' dir='ltr'><strong>sanguine</strong></span> <span class='ocrx_word' id='word_1_10' title='bbox 784 256 862 331; x_wconf 80' lang='lat' dir='ltr'><strong>largo</strong></span> 
     </span>
     <span class='ocr_line' id='line_1_3' title="bbox 206 332 911 408; baseline -0.003 -17"><span class='ocrx_word' id='word_1_11' title='bbox 206 332 911 408; x_wconf 70' lang='lat' dir='ltr'><strong>oollaarmoequelavant3gemitunemusomnoremug</strong></span> 
     </span>
     <span class='ocr_line' id='line_1_4' title="bbox 207 406 804 466; baseline -0.007 0"><span class='ocrx_word' id='word_1_12' title='bbox 207 410 281 466; x_wconf 89' lang='lat' dir='ltr'><strong>haud</strong></span> <span class='ocrx_word' id='word_1_13' title='bbox 290 409 363 464; x_wconf 87' lang='lat' dir='ltr'><strong>aliter</strong></span> <span class='ocrx_word' id='word_1_14' title='bbox 372 410 438 463; x_wconf 85' lang='lat' dir='ltr'>Tros</span> <span class='ocrx_word' id='word_1_15' title='bbox 447 407 549 463; x_wconf 77' lang='lat' dir='ltr'>Aeneas</span> <span class='ocrx_word' id='word_1_16' title='bbox 558 414 583 462; x_wconf 91' lang='lat' dir='ltr'><strong>et</strong></span> <span class='ocrx_word' id='word_1_17' title='bbox 590 406 711 461; x_wconf 74' lang='lat' dir='ltr'><strong>Daunius</strong></span> <span class='ocrx_word' id='word_1_18' title='bbox 722 407 804 462; x_wconf 86' lang='lat' dir='ltr'><strong>heros</strong></span> 
     </span>
     <span class='ocr_line' id='line_1_5' title="bbox 207 479 911 555; baseline -0.001 -15"><span class='ocrx_word' id='word_1_19' title='bbox 207 490 366 540; x_wconf 88' lang='lat' dir='ltr'><strong>concurrunt</strong></span> <span class='ocrx_word' id='word_1_20' title='bbox 378 481 484 553; x_wconf 83' lang='lat' dir='ltr'><strong>clipeis3</strong></span> <span class='ocrx_word' id='word_1_21' title='bbox 505 481 600 555; x_wconf 81' lang='lat' dir='ltr'><strong>ingene</strong></span> <span class='ocrx_word' id='word_1_22' title='bbox 614 479 701 554; x_wconf 75' lang='lat' dir='ltr'><strong>fragor</strong></span> <span class='ocrx_word' id='word_1_23' title='bbox 710 481 911 555; x_wconf 87' lang='lat' dir='ltr'><strong>aethoracompl</strong></span> 
     </span>
    </p>

    <p class='ocr_par' dir='ltr' id='par_1_3' title="bbox 152 554 911 925">
     <span class='ocr_line' id='line_1_6' title="bbox 152 554 801 630; baseline -0.002 -18"><span class='ocrx_word' id='word_1_24' title='bbox 152 570 192 613; x_wconf 75' lang='grc'><strong>111</strong></span> <span class='ocrx_word' id='word_1_25' title='bbox 206 559 304 630; x_wconf 87' lang='lat' dir='ltr'><strong>Iupiter</strong></span> <span class='ocrx_word' id='word_1_26' title='bbox 314 557 370 628; x_wconf 84' lang='lat' dir='ltr'><strong>ipse</strong></span> <span class='ocrx_word' id='word_1_27' title='bbox 378 557 446 611; x_wconf 88' lang='lat' dir='ltr'><strong>duaa</strong></span> <span class='ocrx_word' id='word_1_28' title='bbox 458 563 568 628; x_wconf 88' lang='lat' dir='ltr'><strong>aequato</strong></span> <span class='ocrx_word' id='word_1_29' title='bbox 577 555 700 610; x_wconf 85' lang='lat' dir='ltr'><strong>examine</strong></span> <span class='ocrx_word' id='word_1_30' title='bbox 709 554 801 611; x_wconf 83' lang='lat' dir='ltr'><strong>lancea</strong></span> 
     </span>
     <span class='ocr_line' id='line_1_7' title="bbox 206 629 799 702; baseline -0.005 -14"><span class='ocrx_word' id='word_1_31' title='bbox 206 634 328 696; x_wconf 78' lang='lat' dir='ltr'><strong>sustinet,</strong></span> <span class='ocrx_word' id='word_1_32' title='bbox 339 639 364 687; x_wconf 85' lang='lat' dir='ltr'><strong>et</strong></span> <span class='ocrx_word' id='word_1_33' title='bbox 373 631 424 686; x_wconf 88' lang='lat' dir='ltr'><strong>iata</strong></span> <span class='ocrx_word' id='word_1_34' title='bbox 436 631 549 702; x_wconf 84' lang='lat' dir='ltr'><strong>imponit</strong></span> <span class='ocrx_word' id='word_1_35' title='bbox 556 631 660 685; x_wconf 82' lang='lat' dir='ltr'><strong>diversa</strong></span> <span class='ocrx_word' id='word_1_36' title='bbox 668 629 799 695; x_wconf 89' lang='lat' dir='ltr'><strong>duorum,</strong></span> 
     </span>
     <span class='ocr_line' id='line_1_8' title="bbox 206 704 911 779; baseline 0.003 -18"><span class='ocrx_word' id='word_1_37' title='bbox 206 724 288 779; x_wconf 87' lang='lat' dir='ltr'><strong>quem</strong></span> <span class='ocrx_word' id='word_1_38' title='bbox 299 706 407 761; x_wconf 86' lang='lat' dir='ltr'><strong>damnet</strong></span> <span class='ocrx_word' id='word_1_39' title='bbox 415 705 498 771; x_wconf 91' lang='lat' dir='ltr'><strong>labor,</strong></span> <span class='ocrx_word' id='word_1_40' title='bbox 508 714 534 759; x_wconf 88' lang='lat' dir='ltr'><strong>et</strong></span> <span class='ocrx_word' id='word_1_41' title='bbox 541 722 596 776; x_wconf 93' lang='lat' dir='ltr'><strong>quo</strong></span> <span class='ocrx_word' id='word_1_42' title='bbox 604 710 695 777; x_wconf 78' lang='lat' dir='ltr'><strong>vergat</strong></span> <span class='ocrx_word' id='word_1_43' title='bbox 703 704 825 775; x_wconf 80' lang='lat' dir='ltr'><strong>pondere</strong></span> <span class='ocrx_word' id='word_1_44' title='bbox 832 704 911 763; x_wconf 61' lang='lat' dir='ltr'><strong>idum</strong></span> 
     </span>
     <span class='ocr_line' id='line_1_9' title="bbox 206 780 826 850; baseline -0.003 -14"><span class='ocrx_word' id='word_1_45' title='bbox 206 781 309 836; x_wconf 79' lang='lat' dir='ltr'><strong>Emicat</strong></span> <span class='ocrx_word' id='word_1_46' title='bbox 318 781 369 844; x_wconf 90' lang='lat' dir='ltr'><strong>hio,</strong></span> <span class='ocrx_word' id='word_1_47' title='bbox 382 780 492 850; x_wconf 89' lang='lat' dir='ltr'><strong>impune</strong></span> <span class='ocrx_word' id='word_1_48' title='bbox 502 786 607 850; x_wconf 87' lang='lat' dir='ltr'><strong>putans,</strong></span> <span class='ocrx_word' id='word_1_49' title='bbox 616 785 762 849; x_wconf 88' lang='lat' dir='ltr'><strong>etcorpore</strong></span> <span class='ocrx_word' id='word_1_50' title='bbox 769 786 826 835; x_wconf 89' lang='lat' dir='ltr'><strong>toto</strong></span> 
     </span>
     <span class='ocr_line' id='line_1_10' title="bbox 207 853 820 925; baseline -0.003 -15"><span class='ocrx_word' id='word_1_51' title='bbox 207 855 258 910; x_wconf 92' lang='lat' dir='ltr'><strong>alte</strong></span> <span class='ocrx_word' id='word_1_52' title='bbox 267 854 402 910; x_wconf 87' lang='lat' dir='ltr'><strong>sublatum</strong></span> <span class='ocrx_word' id='word_1_53' title='bbox 410 854 547 925; x_wconf 82' lang='lat' dir='ltr'><strong>consurgit</strong></span> <span class='ocrx_word' id='word_1_54' title='bbox 558 854 666 907; x_wconf 85' lang='lat' dir='ltr'><strong>Turnus</strong></span> <span class='ocrx_word' id='word_1_55' title='bbox 675 853 704 907; x_wconf 89' lang='lat' dir='ltr'><strong>iu</strong></span> <span class='ocrx_word' id='word_1_56' title='bbox 714 871 820 918; x_wconf 79' lang='lat' dir='ltr'><strong>eneam,</strong></span> 
     </span>
    </p>

    <p class='ocr_par' dir='ltr' id='par_1_4' title="bbox 153 926 913 1298">
     <span class='ocr_line' id='line_1_11' title="bbox 153 926 850 998; baseline 0.006 -17"><span class='ocrx_word' id='word_1_57' title='bbox 153 938 194 982; x_wconf 82' lang='grc'><strong>130</strong></span> <span class='ocrx_word' id='word_1_58' title='bbox 207 928 306 985; x_wconf 83' lang='lat' dir='ltr'><strong>otierit.</strong></span> <span class='ocrx_word' id='word_1_59' title='bbox 335 927 491 983; x_wconf 83' lang='lat' dir='ltr'><strong>Exclamant</strong></span> <span class='ocrx_word' id='word_1_60' title='bbox 501 929 580 982; x_wconf 85' lang='lat' dir='ltr'><strong>Troee</strong></span> <span class='ocrx_word' id='word_1_61' title='bbox 589 926 740 998; x_wconf 88' lang='lat' dir='ltr'><strong>trepidique</strong></span> <span class='ocrx_word' id='word_1_62' title='bbox 750 928 850 994; x_wconf 89' lang='lat' dir='ltr'><strong>Latini,</strong></span> 
     </span>
     <span class='ocr_line' id='line_1_12' title="bbox 208 1000 879 1074; baseline 0 -15"><span class='ocrx_word' id='word_1_63' title='bbox 208 1010 372 1074; x_wconf 88' lang='lat' dir='ltr'><strong>arrectaeque</strong></span> <span class='ocrx_word' id='word_1_64' title='bbox 380 1002 519 1057; x_wconf 85' lang='lat' dir='ltr'><strong>amborum</strong></span> <span class='ocrx_word' id='word_1_65' title='bbox 528 1001 604 1056; x_wconf 85' lang='lat' dir='ltr'><strong>aciae.</strong></span> <span class='ocrx_word' id='word_1_66' title='bbox 632 1000 879 1072; x_wconf 78' lang='lat' dir='ltr'><strong>Atperfiduaenaia</strong></span> 
     </span>
     <span class='ocr_line' id='line_1_13' title="bbox 208 1075 868 1151; baseline 0 -18"><span class='ocrx_word' id='word_1_67' title='bbox 208 1078 348 1151; x_wconf 77' lang='lat' dir='ltr'><strong>frangitur,</strong></span> <span class='ocrx_word' id='word_1_68' title='bbox 359 1077 387 1131; x_wconf 91' lang='lat' dir='ltr'><strong>in</strong></span> <span class='ocrx_word' id='word_1_69' title='bbox 396 1076 536 1147; x_wconf 87' lang='lat' dir='ltr'><strong>medioque</strong></span> <span class='ocrx_word' id='word_1_70' title='bbox 544 1075 679 1131; x_wconf 87' lang='lat' dir='ltr'><strong>ardentem</strong></span> <span class='ocrx_word' id='word_1_71' title='bbox 689 1075 790 1131; x_wconf 87' lang='lat' dir='ltr'><strong>deserit</strong></span> <span class='ocrx_word' id='word_1_72' title='bbox 799 1077 868 1133; x_wconf 83' lang='lat' dir='ltr'><strong>ictu:</strong></span> 
     </span>
     <span class='ocr_line' id='line_1_14' title="bbox 209 1149 835 1225; baseline 0 -18"><span class='ocrx_word' id='word_1_73' title='bbox 209 1153 238 1207; x_wconf 93' lang='lat' dir='ltr'><strong>ni</strong></span> <span class='ocrx_word' id='word_1_74' title='bbox 248 1152 311 1225; x_wconf 79' lang='lat' dir='ltr'><strong>fuga</strong></span> <span class='ocrx_word' id='word_1_75' title='bbox 320 1150 440 1206; x_wconf 86' lang='lat' dir='ltr'><strong>subsidio</strong></span> <span class='ocrx_word' id='word_1_76' title='bbox 448 1151 551 1205; x_wconf 83' lang='lat' dir='ltr'><strong>subeat.</strong></span> <span class='ocrx_word' id='word_1_77' title='bbox 580 1149 741 1222; x_wconf 79' lang='lat' dir='ltr'><strong>Fugitocior</strong></span> <span class='ocrx_word' id='word_1_78' title='bbox 750 1150 835 1215; x_wconf 82' lang='lat' dir='ltr'><strong>Euro,</strong></span> 
     </span>
     <span class='ocr_line' id='line_1_15' title="bbox 208 1223 913 1298; baseline 0 -17"><span class='ocrx_word' id='word_1_79' title='bbox 208 1234 240 1282; x_wconf 91' lang='lat' dir='ltr'><strong>ut</strong></span> <span class='ocrx_word' id='word_1_80' title='bbox 248 1225 499 1298; x_wconf 82' lang='lat' dir='ltr'><strong>capulumignotum</strong></span> <span class='ocrx_word' id='word_1_81' title='bbox 507 1223 913 1295; x_wconf 80' lang='lat' dir='ltr'><strong>dextramqueadspexitinerne</strong></span> 
     </span>
    </p>

    <p class='ocr_par' dir='ltr' id='par_1_5' title="bbox 155 1298 912 1519">
     <span class='ocr_line' id='line_1_16' title="bbox 155 1298 912 1371; baseline 0.003 -19"><span class='ocrx_word' id='word_1_82' title='bbox 155 1310 195 1353; x_wconf 77' lang='grc'><strong>135</strong></span> <span class='ocrx_word' id='word_1_83' title='bbox 208 1302 291 1356; x_wconf 83' lang='lat' dir='ltr'><strong>Fama</strong></span> <span class='ocrx_word' id='word_1_84' title='bbox 302 1307 350 1366; x_wconf 82' lang='lat' dir='ltr'><strong>eat,</strong></span> <span class='ocrx_word' id='word_1_85' title='bbox 362 1299 538 1371; x_wconf 87' lang='lat' dir='ltr'><strong>praecipitem,</strong></span> <span class='ocrx_word' id='word_1_86' title='bbox 549 1315 635 1370; x_wconf 90' lang='lat' dir='ltr'><strong>quum</strong></span> <span class='ocrx_word' id='word_1_87' title='bbox 644 1298 733 1369; x_wconf 89' lang='lat' dir='ltr'><strong>prima</strong></span> <span class='ocrx_word' id='word_1_88' title='bbox 745 1298 912 1371; x_wconf 85' lang='lat' dir='ltr'><strong>inproeiiaiu</strong></span> 
     </span>
     <span class='ocr_line' id='line_1_17' title="bbox 209 1445 842 1519; baseline 0.002 -17"><span class='ocrx_word' id='word_1_89' title='bbox 209 1448 398 1503; x_wconf 87' lang='lat' dir='ltr'><strong>conscendebat</strong></span> <span class='ocrx_word' id='word_1_90' title='bbox 407 1464 497 1519; x_wconf 78' lang='lat' dir='ltr'><strong>equos,</strong></span> <span class='ocrx_word' id='word_1_91' title='bbox 511 1447 595 1518; x_wconf 87' lang='lat' dir='ltr'><strong>patrio</strong></span> <span class='ocrx_word' id='word_1_92' title='bbox 604 1463 731 1501; x_wconf 88' lang='lat' dir='ltr'><strong>mucrone</strong></span> <span class='ocrx_word' id='word_1_93' title='bbox 741 1445 842 1514; x_wconf 88' lang='lat' dir='ltr'><strong>relicto,</strong></span> 
     </span>
    </p>

    <p class='ocr_par' dir='ltr' id='par_1_6' title="bbox 154 1521 913 1742">
     <span class='ocr_line' id='line_1_18' title="bbox 154 1521 886 1595; baseline 0.001 -19"><span class='ocrx_word' id='word_1_94' title='bbox 154 1541 157 1545; x_wconf 90' lang='lat'>·</span> <span class='ocrx_word' id='word_1_95' title='bbox 210 1522 275 1576; x_wconf 91' lang='lat' dir='ltr'><strong>dum</strong></span> <span class='ocrx_word' id='word_1_96' title='bbox 285 1522 404 1592; x_wconf 78' lang='lat' dir='ltr'><strong>trepidat,</strong></span> <span class='ocrx_word' id='word_1_97' title='bbox 420 1521 517 1577; x_wconf 90' lang='lat' dir='ltr'><strong>ierrum</strong></span> <span class='ocrx_word' id='word_1_98' title='bbox 528 1523 635 1595; x_wconf 80' lang='lat' dir='ltr'><strong>aurigae</strong></span> <span class='ocrx_word' id='word_1_99' title='bbox 644 1521 766 1592; x_wconf 82' lang='lat' dir='ltr'><strong>rapuisse</strong></span> <span class='ocrx_word' id='word_1_100' title='bbox 774 1522 886 1579; x_wconf 79' lang='lat' dir='ltr'><strong>Metisci.</strong></span> 
     </span>
     <span class='ocr_line' id='line_1_19' title="bbox 209 1594 859 1670; baseline 0.002 -20"><span class='ocrx_word' id='word_1_101' title='bbox 209 1597 293 1667; x_wconf 84' lang='lat' dir='ltr'><strong>quue</strong></span> <span class='ocrx_word' id='word_1_102' title='bbox 301 1596 357 1661; x_wconf 92' lang='lat' dir='ltr'><strong>diu,</strong></span> <span class='ocrx_word' id='word_1_103' title='bbox 369 1597 434 1651; x_wconf 92' lang='lat' dir='ltr'><strong>dum</strong></span> <span class='ocrx_word' id='word_1_104' title='bbox 443 1604 515 1670; x_wconf 78' lang='lat' dir='ltr'><strong>terga</strong></span> <span class='ocrx_word' id='word_1_105' title='bbox 523 1596 621 1651; x_wconf 84' lang='lat' dir='ltr'><strong>dabant</strong></span> <span class='ocrx_word' id='word_1_106' title='bbox 630 1594 746 1667; x_wconf 86' lang='lat' dir='ltr'><strong>palantia</strong></span> <span class='ocrx_word' id='word_1_107' title='bbox 754 1597 859 1661; x_wconf 82' lang='lat' dir='ltr'><strong>Teucri,</strong></span> 
     </span>
     <span class='ocr_line' id='line_1_20' title="bbox 209 1670 913 1742; baseline 0.009 -19"><span class='ocrx_word' id='word_1_108' title='bbox 209 1670 325 1725; x_wconf 80' lang='lat' dir='ltr'><strong>suffecit:</strong></span> <span class='ocrx_word' id='word_1_109' title='bbox 345 1678 486 1742; x_wconf 82' lang='lat' dir='ltr'><strong>postquam</strong></span> <span class='ocrx_word' id='word_1_110' title='bbox 500 1687 572 1726; x_wconf 90' lang='lat' dir='ltr'><strong>arma</strong></span> <span class='ocrx_word' id='word_1_111' title='bbox 586 1670 629 1725; x_wconf 88' lang='lat' dir='ltr'><strong>dei</strong></span> <span class='ocrx_word' id='word_1_112' title='bbox 641 1670 676 1724; x_wconf 92' lang='lat' dir='ltr'><strong>ad</strong></span> <span class='ocrx_word' id='word_1_113' title='bbox 687 1670 821 1727; x_wconf 76' lang='lat' dir='ltr'><strong>Vulcania</strong></span> <span class='ocrx_word' id='word_1_114' title='bbox 832 1678 913 1729; x_wconf 81' lang='lat' dir='ltr'><strong>ventu</strong></span> 
     </span>
    </p>

    <p class='ocr_par' dir='ltr' id='par_1_7' title="bbox 156 1742 896 2113">
     <span class='ocr_line' id='line_1_21' title="bbox 156 1742 772 1818; baseline 0.005 -21"><span class='ocrx_word' id='word_1_115' title='bbox 156 1751 196 1797; x_wconf 77' lang='grc'><strong>141</strong></span> <span class='ocrx_word' id='word_1_116' title='bbox 210 1743 328 1798; x_wconf 90' lang='lat' dir='ltr'><strong>mortalis</strong></span> <span class='ocrx_word' id='word_1_117' title='bbox 336 1762 437 1810; x_wconf 87' lang='lat' dir='ltr'><strong>mucro,</strong></span> <span class='ocrx_word' id='word_1_118' title='bbox 448 1742 545 1818; x_wconf 70' lang='lat' dir='ltr'><strong>glacies</strong></span> <span class='ocrx_word' id='word_1_119' title='bbox 553 1762 602 1799; x_wconf 88' lang='lat' dir='ltr'><strong>ceu</strong></span> <span class='ocrx_word' id='word_1_120' title='bbox 611 1743 704 1808; x_wconf 81' lang='lat' dir='ltr'><strong>futilis,</strong></span> <span class='ocrx_word' id='word_1_121' title='bbox 717 1745 772 1800; x_wconf 84' lang='lat' dir='ltr'><strong>ictu</strong></span> 
     </span>
     <span class='ocr_line' id='line_1_22' title="bbox 210 1816 852 1892; baseline 0.002 -19"><span class='ocrx_word' id='word_1_122' title='bbox 210 1816 339 1882; x_wconf 77' lang='lat' dir='ltr'><strong>dissiluit3</strong></span> <span class='ocrx_word' id='word_1_123' title='bbox 361 1817 852 1892; x_wconf 78' lang='lat' dir='ltr'><strong>fulvaresplendentiragminaarena.</strong></span> 
     </span>
     <span class='ocr_line' id='line_1_23' title="bbox 210 1892 896 1967; baseline 0.006 -21"><span class='ocrx_word' id='word_1_124' title='bbox 210 1893 281 1964; x_wconf 80' lang='lat' dir='ltr'><strong>Ergo</strong></span> <span class='ocrx_word' id='word_1_125' title='bbox 291 1909 381 1946; x_wconf 83' lang='lat' dir='ltr'><strong>amena</strong></span> <span class='ocrx_word' id='word_1_126' title='bbox 391 1892 495 1948; x_wconf 84' lang='lat' dir='ltr'><strong>diversa</strong></span> <span class='ocrx_word' id='word_1_127' title='bbox 504 1893 566 1967; x_wconf 79' lang='lat' dir='ltr'><strong>iuga</strong></span> <span class='ocrx_word' id='word_1_128' title='bbox 575 1894 640 1964; x_wconf 89' lang='lat' dir='ltr'><strong>petit</strong></span> <span class='ocrx_word' id='word_1_129' title='bbox 650 1910 766 1964; x_wconf 89' lang='lat' dir='ltr'><strong>aequora</strong></span> <span class='ocrx_word' id='word_1_130' title='bbox 775 1894 896 1961; x_wconf 57' lang='lat' dir='ltr'><strong>Turnum</strong></span> 
     </span>
     <span class='ocr_line' id='line_1_24' title="bbox 211 1966 868 2038; baseline 0.003 -17"><span class='ocrx_word' id='word_1_131' title='bbox 211 1973 237 2021; x_wconf 92' lang='lat' dir='ltr'><strong>et</strong></span> <span class='ocrx_word' id='word_1_132' title='bbox 246 1983 316 2020; x_wconf 90' lang='lat' dir='ltr'><strong>nunc</strong></span> <span class='ocrx_word' id='word_1_133' title='bbox 325 1966 386 2031; x_wconf 92' lang='lat' dir='ltr'><strong>huc,</strong></span> <span class='ocrx_word' id='word_1_134' title='bbox 400 1967 461 2021; x_wconf 89' lang='lat' dir='ltr'><strong>inde</strong></span> <span class='ocrx_word' id='word_1_135' title='bbox 470 1968 523 2022; x_wconf 89' lang='lat' dir='ltr'><strong>huc</strong></span> <span class='ocrx_word' id='word_1_136' title='bbox 532 1969 643 2025; x_wconf 85' lang='lat' dir='ltr'><strong>incertos</strong></span> <span class='ocrx_word' id='word_1_137' title='bbox 653 1968 770 2038; x_wconf 86' lang='lat' dir='ltr'><strong>implicat</strong></span> <span class='ocrx_word' id='word_1_138' title='bbox 779 1968 868 2025; x_wconf 81' lang='lat' dir='ltr'><strong>orbae.</strong></span> 
     </span>
     <span class='ocr_line' id='line_1_25' title="bbox 211 2039 873 2113; baseline 0.005 -17"><span class='ocrx_word' id='word_1_139' title='bbox 211 2039 334 2113; x_wconf 84' lang='lat' dir='ltr'><strong>Undique</strong></span> <span class='ocrx_word' id='word_1_140' title='bbox 343 2040 415 2096; x_wconf 92' lang='lat' dir='ltr'><strong>enim</strong></span> <span class='ocrx_word' id='word_1_141' title='bbox 425 2041 507 2096; x_wconf 88' lang='lat' dir='ltr'><strong>densa</strong></span> <span class='ocrx_word' id='word_1_142' title='bbox 516 2043 608 2097; x_wconf 82' lang='lat' dir='ltr'><strong>Teucri</strong></span> <span class='ocrx_word' id='word_1_143' title='bbox 619 2042 749 2098; x_wconf 87' lang='lat' dir='ltr'><strong>inclusere</strong></span> <span class='ocrx_word' id='word_1_144' title='bbox 760 2059 873 2111; x_wconf 76' lang='lat' dir='ltr'><strong>corona3</strong></span> 
     </span>
    </p>

    <p class='ocr_par' dir='ltr' id='par_1_8' title="bbox 157 2115 914 2189">
     <span class='ocr_line' id='line_1_26' title="bbox 157 2115 914 2189; baseline 0.007 -21"><span class='ocrx_word' id='word_1_145' title='bbox 157 2121 198 2168; x_wconf 72' lang='grc'><strong>145</strong></span> <span class='ocrx_word' id='word_1_146' title='bbox 211 2123 291 2187; x_wconf 87' lang='lat' dir='ltr'><strong>atque</strong></span> <span class='ocrx_word' id='word_1_147' title='bbox 303 2115 366 2170; x_wconf 91' lang='lat' dir='ltr'><strong>hino</strong></span> <span class='ocrx_word' id='word_1_148' title='bbox 375 2123 447 2171; x_wconf 87' lang='lat' dir='ltr'><strong>vasta</strong></span> <span class='ocrx_word' id='word_1_149' title='bbox 457 2116 543 2187; x_wconf 82' lang='lat' dir='ltr'><strong>palus,</strong></span> <span class='ocrx_word' id='word_1_150' title='bbox 554 2117 618 2171; x_wconf 89' lang='lat' dir='ltr'><strong>hinc</strong></span> <span class='ocrx_word' id='word_1_151' title='bbox 625 2117 707 2172; x_wconf 89' lang='lat' dir='ltr'><strong>ardua</strong></span> <span class='ocrx_word' id='word_1_152' title='bbox 718 2118 826 2173; x_wconf 91' lang='lat' dir='ltr'><strong>moenia</strong></span> <span class='ocrx_word' id='word_1_153' title='bbox 834 2117 914 2189; x_wconf 73' lang='lat' dir='ltr'><strong>ungu</strong></span> 
     </span>
    </p>

    <p class='ocr_par' dir='ltr' id='par_1_9' title="bbox 212 2190 915 2486">
     <span class='ocr_line' id='line_1_27' title="bbox 249 2190 912 2265; baseline 0.002 -20"><span class='ocrx_word' id='word_1_154' title='bbox 249 2192 303 2245; x_wconf 89' lang='lat' dir='ltr'><strong>Nec</strong></span> <span class='ocrx_word' id='word_1_155' title='bbox 310 2190 401 2245; x_wconf 85' lang='lat' dir='ltr'><strong>minue</strong></span> <span class='ocrx_word' id='word_1_156' title='bbox 414 2191 523 2255; x_wconf 78' lang='lat' dir='ltr'><strong>Aeneas,</strong></span> <span class='ocrx_word' id='word_1_157' title='bbox 535 2208 700 2262; x_wconf 90' lang='lat' dir='ltr'><strong>quamquam</strong></span> <span class='ocrx_word' id='word_1_158' title='bbox 709 2191 815 2247; x_wconf 84' lang='lat' dir='ltr'><strong>tardata</strong></span> <span class='ocrx_word' id='word_1_159' title='bbox 823 2191 912 2265; x_wconf 76' lang='lat' dir='ltr'><strong>sagitta</strong></span> 
     </span>
     <span class='ocr_line' id='line_1_28' title="bbox 212 2263 915 2338; baseline 0.001 -19"><span class='ocrx_word' id='word_1_160' title='bbox 212 2263 344 2319; x_wconf 85' lang='lat' dir='ltr'><strong>interdum</strong></span> <span class='ocrx_word' id='word_1_161' title='bbox 354 2282 440 2338; x_wconf 79' lang='lat' dir='ltr'><strong>genua</strong></span> <span class='ocrx_word' id='word_1_162' title='bbox 450 2265 605 2336; x_wconf 85' lang='lat' dir='ltr'><strong>impediunt,</strong></span> <span class='ocrx_word' id='word_1_163' title='bbox 616 2282 782 2336; x_wconf 83' lang='lat' dir='ltr'><strong>cursumque</strong></span> <span class='ocrx_word' id='word_1_164' title='bbox 790 2272 915 2327; x_wconf 76' lang='lat' dir='ltr'><strong>recusant,</strong></span> 
     </span>
     <span class='ocr_line' id='line_1_29' title="bbox 212 2338 915 2413; baseline 0.006 -21"><span class='ocrx_word' id='word_1_165' title='bbox 212 2338 371 2409; x_wconf 87' lang='lat' dir='ltr'><strong>insequitur,</strong></span> <span class='ocrx_word' id='word_1_166' title='bbox 386 2340 533 2412; x_wconf 86' lang='lat' dir='ltr'><strong>trepidique</strong></span> <span class='ocrx_word' id='word_1_167' title='bbox 548 2339 641 2410; x_wconf 89' lang='lat' dir='ltr'><strong>pedem</strong></span> <span class='ocrx_word' id='word_1_168' title='bbox 655 2339 853 2410; x_wconf 83' lang='lat' dir='ltr'><strong>pcdeiervidua</strong></span> <span class='ocrx_word' id='word_1_169' title='bbox 862 2356 915 2413; x_wconf 72' lang='lat' dir='ltr'><strong>urg·</strong></span> 
     </span>
     <span class='ocr_line' id='line_1_30' title="bbox 212 2411 817 2486; baseline 0.007 -20"><span class='ocrx_word' id='word_1_170' title='bbox 212 2411 347 2467; x_wconf 87' lang='lat' dir='ltr'><strong>inclusum</strong></span> <span class='ocrx_word' id='word_1_171' title='bbox 359 2412 442 2468; x_wconf 87' lang='lat' dir='ltr'><strong>veluti</strong></span> <span class='ocrx_word' id='word_1_172' title='bbox 452 2415 476 2468; x_wconf 94' lang='lat' dir='ltr'><strong>si</strong></span> <span class='ocrx_word' id='word_1_173' title='bbox 485 2414 592 2486; x_wconf 89' lang='lat' dir='ltr'><strong>quaudo</strong></span> <span class='ocrx_word' id='word_1_174' title='bbox 600 2413 710 2468; x_wconf 87' lang='lat' dir='ltr'><strong>flumine</strong></span> <span class='ocrx_word' id='word_1_175' title='bbox 719 2421 817 2470; x_wconf 80' lang='lat' dir='ltr'><strong>nactus</strong></span> 
     </span>
    </p>

    <p class='ocr_par' dir='ltr' id='par_1_10' title="bbox 160 2487 911 2628">
     <span class='ocr_line' id='line_1_31' title="bbox 160 2487 911 2562; baseline 0.011 -22"><span class='ocrx_word' id='word_1_176' title='bbox 160 2496 200 2540; x_wconf 76' lang='grc'><strong>111</strong></span> <span class='ocrx_word' id='word_1_177' title='bbox 212 2503 330 2552; x_wconf 81' lang='lat' dir='ltr'><strong>cervum,</strong></span> <span class='ocrx_word' id='word_1_178' title='bbox 342 2494 387 2542; x_wconf 83' lang='lat' dir='ltr'><strong>aut</strong></span> <span class='ocrx_word' id='word_1_179' title='bbox 396 2489 523 2558; x_wconf 88' lang='lat' dir='ltr'><strong>puniceae</strong></span> <span class='ocrx_word' id='word_1_180' title='bbox 531 2494 635 2560; x_wconf 85' lang='lat' dir='ltr'><strong>septum</strong></span> <span class='ocrx_word' id='word_1_181' title='bbox 644 2487 788 2543; x_wconf 80' lang='lat' dir='ltr'><strong>formidine</strong></span> <span class='ocrx_word' id='word_1_182' title='bbox 799 2505 911 2562; x_wconf 61' lang='lat' dir='ltr'><strong>munao,</strong></span> 
     </span>
     <span class='ocr_line' id='line_1_32' title="bbox 214 2562 807 2628; baseline -0.002 -8"><span class='ocrx_word' id='word_1_183' title='bbox 214 2568 321 2620; x_wconf 86' lang='lat' dir='ltr'><strong>venator</strong></span> <span class='ocrx_word' id='word_1_184' title='bbox 330 2579 419 2628; x_wconf 86' lang='lat' dir='ltr'><strong>curau,</strong></span> <span class='ocrx_word' id='word_1_185' title='bbox 430 2563 503 2618; x_wconf 83' lang='lat' dir='ltr'><strong>canis</strong></span> <span class='ocrx_word' id='word_1_186' title='bbox 515 2570 541 2618; x_wconf 95' lang='lat' dir='ltr'><strong>et</strong></span> <span class='ocrx_word' id='word_1_187' title='bbox 550 2562 695 2628; x_wconf 83' lang='lat' dir='ltr'><strong>latratibus,</strong></span> <span class='ocrx_word' id='word_1_188' title='bbox 707 2562 807 2619; x_wconf 75' lang='lat' dir='ltr'><strong>instat:</strong></span> 
     </span>
    </p>
   </div>
   <div class='ocr_carea' id='block_1_3' title="bbox 214 2636 810 2731">
    <p class='ocr_par' dir='ltr' id='par_1_11' title="bbox 214 2636 810 2731">
     <span class='ocr_line' id='line_1_33' title="bbox 214 2636 810 2731; baseline -0.018 -31"><span class='ocrx_word' id='word_1_189' title='bbox 214 2636 770 2709; x_wconf 57' lang='lat' dir='ltr'><strong>illeauumuusiutuaupemuamu</strong></span> <span class='ocrx_word' id='word_1_190' title='bbox 803 2718 810 2731; x_wconf 33' lang='grc' dir='ltr'>ι</span> 
     </span>
    </p>
   </div>
   <div class='ocr_carea' id='block_1_4' title="bbox 0 0 938 3052">
    <p class='ocr_par' dir='ltr' id='par_1_12' title="bbox 0 0 938 3052">
     <span class='ocr_line' id='line_1_34' title="bbox 0 0 938 3052; baseline 0 0"><span class='ocrx_word' id='word_1_191' title='bbox 0 0 938 3052; x_wconf 95' lang='lat' dir='ltr'><strong> </strong></span> 
     </span>
    </p>
   </div>
  </div>
 </body>
</html>
