1846 3052
135 163 184 218 ill
296 168 327 213 Ρ.
347 165 519 213 VIRGILII
535 162 714 215 minorue
805 158 807 163 ¹

134 273 202 326 Nam
212 265 460 342 quidegoimmensi
465 282 610 322 memorem
615 267 706 323 studia
711 268 763 325 ista
768 267 876 325 lahorist

171 342 278 399 horrida
288 340 354 413 quid
363 339 446 395 durae
455 346 573 412 tempora
581 341 714 398 militiae‘l

134 426 218 474 castra
227 416 283 473 lero
289 414 388 479 solitos,
402 414 464 469 urbi
474 416 634 489 praeponere
641 425 739 484 castra,

172 502 226 548 tum
236 490 327 563 procul
335 489 386 544 hoc
395 496 464 556 nato,
475 497 529 545 tam
538 490 632 563 procul
640 491 694 548 hac
705 493 811 565 petria?

80 576 106 622 ⁴5
134 566 306 623 immoderata
316 565 370 636 pati
380 580 452 619 nune
460 563 567 639 frigora,
580 568 836 640 nuncqueealores‘l

172 648 279 697 stertere
285 638 328 694 val
338 639 405 693 dura
414 656 493 711 pesse
500 656 581 712 super
589 640 684 697 silice?

135 732 213 788 saepe
221 722 322 770 trucem
332 713 443 768 adverso
451 713 553 786 perlabi
561 715 647 770 sidere
656 717 793 773 Pontum‘l

171 804 251 861 saepe
258 804 331 850 mare
340 786 462 843 audendo
470 788 584 855 vincere,
597 807 676 863 saepe
685 791 823 848 hiemem?

135 880 214 936 saepe
221 862 301 918 etiam
310 861 406 916 densos
417 861 560 918 immittere
567 880 665 937 corpus
674 866 703 921 in
713 867 818 937 hostas3

81 949 107 992 50
172 953 341 994 communem
352 933 414 990 belli
423 952 472 991 nec
478 938 603 995 timuisse
611 939 717 996 Deum?

136 1030 210 1069 nunc
217 1010 314 1068 celeres
325 1008 412 1076 Alros,
423 1012 593 1086 perituraque
602 1013 689 1070 millia
698 1017 798 1089 gentis,

174 1105 253 1145 aurea
262 1102 336 1143 nunc
343 1084 430 1157 rapidi
439 1084 550 1143 llumina
559 1087 632 1144 adira
643 1089 731 1165 Tagi?

136 1161 298 1218 nunculiam
309 1178 344 1217 ex
353 1160 404 1216 alia
413 1159 536 1218 bellando
544 1180 671 1236 quaerere
679 1165 808 1239 gentem?

175 1238 280 1293 vincera
290 1244 316 1292 et
324 1234 421 1292 Oceani
431 1235 532 1293 finibus
541 1238 673 1294 ulterius?

83 1324 108 1366 55
136 1313 196 1368 Non
206 1319 326 1367 nostrum
336 1317 383 1375 est,
394 1311 515 1383 inquam,
527 1319 612 1369 tantas
622 1314 752 1388 attingere
761 1315 864 1371 laudes:

175 1387 243 1459 quin
253 1387 341 1442 ausim
351 1385 401 1440 hoc
409 1386 488 1441 etiam
497 1387 642 1467 dicerepvix
651 1389 797 1445 hominum
810 1397 856 1445 est.

137 1464 207 1534 Ipsa,
218 1462 283 1516 haee
292 1461 349 1533 ipsa
359 1458 442 1516 lerant
451 1478 540 1517 rerum
549 1464 876 1536 monumentaperorhem‘

171 1537 234 1608 ipsa
243 1535 300 1591 sibi
311 1535 454 1608 egregium
466 1533 536 1589 lacta
547 1533 632 1588 decus
642 1536 766 1606 parient.

134 1611 192 1666 Nos
202 1628 248 1675 ea,
260 1626 332 1681 quae
341 1617 433 1664 tecum
444 1607 585 1663 linxerunt
593 1610 718 1665 carmina
726 1610 803 1675 Divi,

81 1696 106 1738 50
173 1683 323 1757 Cynthius,
336 1691 363 1737 et
373 1685 480 1749 Musae,
490 1682 628 1748 Bacchus,
640 1691 667 1738 et
678 1683 789 1756 Aglaie.

137 1758 168 1814 si
179 1757 276 1813 laudes
287 1757 440 1828 adspircm‚
453 1757 553 1812 humili
564 1757 613 1811 sed
623 1757 701 1812 adire
712 1758 846 1813 Camena:

173 1833 198 1886 si
207 1831 295 1903 patrio
306 1831 403 1887 Graios
414 1832 536 1886 carmine
545 1831 622 1885 adire
632 1832 706 1886 sales

137 1922 300 1978 possumus:
322 1906 422 1977 optatis
430 1904 496 1976 plus
506 1907 562 1960 iam
571 1904 751 1977 procedimus
762 1907 844 1978 ipsis.

173 1982 229 2037 llec
239 1980 306 2036 satis
317 1987 371 2048 est;
394 1980 495 2052 pingui
504 1980 545 2035 nil
555 1979 626 2035 mihi
635 1996 701 2036 cum
712 1982 830 2053 populo.

316 2163 349 2204 12
364 2158 403 2203 IN
422 2157 707 2203 MITHRIDATEM.

136 2264 265 2340 Adspice,
276 2285 358 2342 quern
367 2266 456 2324 valido
466 2267 614 2324 subnixum
624 2263 709 2339 gloria
719 2283 804 2340 regno

175 2344 254 2398 altius
263 2351 289 2398 et
297 2343 361 2397 coeli
372 2343 480 2398 sedibus
490 2341 627 2397 extulerat.

138 2421 278 2474 Terrarum
288 2417 332 2471 hic
341 2416 411 2472 bello
420 2434 549 2490 magnum
558 2423 728 2470 concusserat
736 2416 845 2483 orhem3

175 2494 219 2547 hic
228 2509 304 2566 reges
311 2491 390 2546 Asiae
398 2491 509 2564 fregerat
517 2498 543 2547 et
552 2489 672 2562 populos.

76 2585 89 2629 5
132 2563 848 2650 Hicgraveservitiumtilaiiamtibi„Roma,larebat

168 2660 260 2712 cetera
271 2664 395 2726 namque
404 2644 463 2704 uiri
469 2641 582 2713 cuspius
591 2637 775 2699 macinarum„
