1846 3052
193 243 241 299 l20
356 249 385 294 Ρ.
404 245 573 295 VIRGILII
589 244 762 293 MARONIS

192 347 295 420 Quippe
304 347 412 404 domum
421 346 495 401 timet
504 345 666 419 ambiguam,
679 342 828 473 {fiasque
836 344 881 402 bi-

756 436 800 489 0⁵3

192 497 245 552 urit
254 503 327 551 atrox
336 497 410 560 Iuno,
423 501 448 549 66
455 494 507 549 suh
517 500 618 548 noctem
627 509 690 549 cura
699 436 827 551 regenerent.

192 572 262 643 Ergo
272 568 313 624 his
322 569 448 644 aligerum
458 568 535 622 dietis
544 568 636 623 affatur
646 567 784 625 Amorem:

192 647 265 710 Nate,
276 662 348 699 meae
358 645 435 708 vires,
448 661 506 698 mea
516 660 611 716 magna
621 643 734 714 potentia
744 643 828 710 solus,

139 731 177 775 666
192 728 259 784 nate,
273 720 354 790 patris
363 721 462 773 summi
472 717 519 790 qui
530 716 579 772 tela
588 717 709 791 Typhoia
717 718 826 784 temnis,

193 794 227 848 ad
235 801 259 848 66
268 793 398 866 coniugio,
411 800 436 848 at
444 791 556 863 supplex
566 799 610 846 tua
620 791 731 849 numina
740 809 831 864 posco·

192 869 282 923 Frater
290 877 320 923 ut
329 868 429 922 Aeneas
439 867 531 940 pelago
540 874 602 920 tuus
612 867 701 922 omnia
710 867 813 923 circum

194 942 267 997 litora
277 943 392 1007 iactetur,
404 942 472 996 odiis
482 941 590 995 lunonis
599 941 715 1013 iniquae,

194 1024 254 1072 nota
264 1018 320 1082 tibi,
332 1024 356 1070 66
366 1025 453 1070 nostro
462 1015 569 1070 doluisti
580 1033 657 1086 saepe
666 1015 762 1071 dolore.
919 1086 921 1091 Ι

141 1103 179 1146 tto
193 1092 269 1146 Hunc
277 1091 417 1146 Phoenissa
427 1098 495 1144 tenet
504 1090 578 1155 Dido,
592 1090 751 1163 blandisque
760 1098 879 1147 moratur

193 1166 315 1233 vocibus3
336 1173 362 1220 et
371 1183 469 1230 vereor,
481 1182 535 1237 quo
544 1182 573 1219 se
583 1166 692 1221 lunonia
705 1173 808 1221 vertant

193 1240 318 1311 hospitia3
340 1240 412 1294 haud
422 1247 492 1295 tanto
500 1240 612 1294 cassabit
620 1240 725 1295 cardine
735 1258 835 1296 rerum.

194 1314 318 1382 Quocirca
327 1332 417 1386 capere
426 1322 485 1369 ante
493 1314 560 1369 dolis
570 1322 595 1368 66
603 1314 707 1387 cingere
716 1314 825 1370 flamma

194 1390 312 1462 reginam
322 1391 441 1454 meditor,
453 1408 486 1444 ne
495 1406 548 1460 quo
557 1406 586 1443 se
594 1390 705 1444 numine
713 1397 807 1453 mutet,

141 1476 179 1519 666
193 1466 240 1520 sed
249 1482 345 1539 magno
354 1465 454 1519 Aeneae
465 1480 570 1518 mecum
579 1471 696 1518 teneatur
706 1481 803 1519 amore.

194 1539 251 1606 Qua
260 1539 342 1594 iacere
351 1540 378 1593 id
388 1539 483 1610 possis,
499 1546 615 1593 nostram
630 1556 702 1593 nunc
710 1539 798 1610 accipe
808 1546 919 1595 mentem.

195 1614 292 1686 Regius
303 1615 384 1668 accitu
394 1613 446 1667 cari
456 1613 581 1686 genitoris
591 1612 625 1668 ad
634 1613 728 1667 urbem

194 1688 329 1742 Sidoniam
339 1705 405 1759 puer
414 1688 451 1742 ire
460 1695 542 1758 parat,
553 1705 611 1742 mea
622 1688 738 1742 maxima
748 1704 821 1754 cura,

194 1762 262 1816 dona
272 1761 365 1826 serens,
377 1760 469 1833 pelago
478 1769 502 1814 et
513 1762 625 1818 llammis
634 1762 757 1816 restantia
767 1761 868 1817 Troiae.

142 1847 180 1890 666
194 1838 270 1890 Hunc
280 1852 337 1908 ego,
349 1836 464 1906 sopitum
474 1852 577 1901 somno,
589 1853 668 1908 super
677 1835 727 1891 alta
738 1837 853 1909 Cythera

196 1917 241 1965 aut
251 1927 329 1980 super
338 1908 449 1963 Idalium
460 1919 558 1964 sacrata
567 1909 628 1964 sede
638 1910 786 1976 recondam,

195 2002 229 2038 ne
238 2001 291 2054 qua
301 1983 366 2037 scire
376 1983 458 2049 dolos,
471 1985 607 2040 mediusve
615 2001 748 2039 occurrere
760 1985 851 2055 possit.

196 2059 237 2112 Tu
245 2057 337 2113 faciem
347 2057 419 2112 illius
428 2066 529 2113 noctem
540 2076 591 2113 non
604 2059 719 2130 amplius
728 2076 813 2113 unam

196 2131 256 2187 falle
265 2133 332 2197 dolo,
343 2140 367 2186 et
377 2140 451 2187 notos
460 2135 534 2204 pueri
544 2152 610 2205 puer
619 2134 699 2188 indua
707 2132 810 2200 vultus,

107 2243 110 2251 -
143 2219 181 2262 666
195 2215 234 2273 ut,
245 2226 330 2279 quum
340 2215 363 2262 te
372 2209 473 2280 gremio
483 2208 589 2278 accipiet
598 2207 738 2263 laetissima
746 2209 814 2264 Dido

197 2283 295 2356 regales
305 2283 373 2338 inter
381 2301 486 2337 mensas
496 2281 650 2355 laticemque
658 2285 787 2357 Lyaeum,

197 2375 282 2430 quum
292 2358 364 2412 dabit
374 2357 511 2428 amplexus
521 2365 599 2429 atque
608 2357 697 2412 oscula
707 2357 795 2412 dulcia
809 2357 881 2434 figet,

197 2432 328 2486 occultum
338 2432 450 2503 inspires
461 2432 559 2505 ignem,
571 2431 700 2504 fallasque
708 2449 821 2488 veneno.

198 2507 272 2561 Paret
280 2507 361 2562 Amor
369 2506 445 2561 dictis
457 2524 529 2561 carae
538 2507 685 2580 genetricis,
700 2513 726 2561 66
734 2506 790 2562 alas

145 2589 183 2634 tto
198 2581 279 2645 exuit,
291 2588 316 2634 et
324 2598 416 2653 gressu
425 2580 544 2654 gaudens
554 2581 650 2636 incedit
659 2580 719 2636 luli.

198 2654 232 2710 At
240 2655 329 2711 Venus
338 2655 449 2710 Ascanio
459 2653 587 2726 placidam
597 2673 644 2727 per
652 2654 771 2711 membra
780 2656 900 2728 quietem

196 2729 297 2807 irrigat,
308 2735 334 2785 66
342 2728 426 2786 fotum
434 2729 535 2808 gremio
544 2730 592 2786 dea
600 2729 667 2786 tollit
675 2730 704 2785 in
714 2729 780 2785 altos
