1846 3052
152 146 199 201 472
313 154 340 198 Ρ.
360 152 725 200 v1RG1L11uARONIs

150 261 222 318 ante,
234 252 334 317 Pudor,
346 269 428 324 quam
438 260 462 308 to
471 252 555 319 violo,
567 260 613 308 eut
621 259 666 308 tua
676 252 736 306 iura
744 252 858 311 resolvo.

148 327 194 383 ille
205 343 290 392 meos,
302 326 406 397 primns
415 328 463 399 qui
473 345 516 382 me
525 327 577 382 sihi
589 327 686 393 iunxit,
698 343 804 382 amores

149 401 271 470 abstulit3
293 400 337 455 ille
345 401 440 456 hebeat
448 419 554 466 secum,
569 408 709 474 servetque
718 401 851 474 sepulum.

96 488 122 531 su
149 477 192 532 Sic
201 475 290 540 effata,
303 476 393 530 sinum
406 477 519 531 lacrimis
529 476 649 548 implevit
657 476 770 532 obortis.

186 550 263 605 Anna
272 549 362 606 refert:
383 549 474 605 Oluce
486 551 571 624 magis
582 549 674 606 dilecte
684 551 781 616 sorori.

149 624 237 680 selene
246 632 370 696 perpetua
380 642 499 680 moerens
508 643 613 697 carpere
622 625 739 691 invente,

150 716 197 755 nee
206 699 295 754 dulces
305 707 393 763 natos,
405 701 512 755 Veneris
526 717 573 754 nec
584 699 701 771 praemia
710 699 805 755 nens?

148 773 179 829 Id
189 774 303 828 cinerem
313 781 358 828 aut
367 775 456 829 Manes
468 775 552 829 credis
561 791 652 829 curare
661 773 800 846 sepultos?

97 859 122 903 ss
150 849 227 904 Esto:
248 864 353 922 aegrum
364 849 432 902 nulli
442 849 576 920 quondam
586 848 681 904 flexere
689 850 789 914 meriti,

149 940 203 979 non
212 922 325 997 Libyae,
337 939 390 977 non
401 914 821 1003 enteTyr031despectuslarbas,

149 997 323 1068 ductoresque
332 996 391 1060 alii,
403 1015 470 1068 quos
480 997 566 1054 Africa
576 1006 642 1053 terra
652 998 801 1070 triumphis

149 1072 224 1129 dives
234 1070 293 1127 alit:
313 1071 441 1143 placitone
450 1073 529 1127 etium
537 1072 671 1146 pugnabis
681 1072 786 1127 amori?

150 1163 198 1202 nec
206 1146 317 1202 venitin
329 1154 457 1212 mentem,
468 1164 583 1219 qnorum
596 1147 745 1202 consederis
754 1147 847 1203 arvis?

95 1228 122 1274 to
149 1223 217 1277 Hinc
226 1220 350 1277 Gaetulae
360 1221 451 1286 nrbes,
466 1239 552 1296 genus
562 1220 738 1293 insuperabile
747 1221 830 1287 bello,

149 1305 174 1352 et
186 1295 317 1353 Numidae
325 1295 421 1352 inirenr
430 1298 554 1370 cingunt,
565 1303 590 1351 et
600 1295 733 1368 inhospita
742 1295 844 1372 Syrtim

150 1371 213 1426 hinc
223 1370 323 1427 deserte
334 1371 378 1426 siti
388 1371 472 1445 regio,
485 1371 587 1443 lateque
596 1369 712 1426 furentes

148 1445 263 1501 Barcaei.
292 1444 363 1512 Quid
371 1445 439 1501 bella
449 1447 520 1520 Tyro
528 1445 663 1520 surgentia
672 1445 770 1512 dicam,

148 1519 321 1594 germanique
330 1519 436 1576 minas?

96 1601 121 1648 tt
149 1596 196 1648 Dis
205 1593 328 1666 equidem
339 1595 492 1667 auspicibus
501 1612 558 1650 reor
568 1602 593 1649 et
601 1596 701 1650 Iunone
710 1595 830 1651 secunde

150 1668 203 1723 huc
211 1684 320 1722 cursum
330 1669 421 1724 iliacas
429 1677 507 1724 vento
516 1669 754 1724 tenuissemrinas.

150 1741 235 1808 Quem
250 1748 279 1796 tu
293 1742 400 1809 urbem,
416 1760 504 1809 soror,
515 1743 696 1810 hunccernes,
707 1760 779 1817 quae
788 1760 896 1818 surgere

640 1837 654 1872 r
689 1836 723 1873 na

149 1889 271 1963 coningio
280 1889 325 1945 tali
336 1891 341 1944 i
363 1892 493 1948 Teucrum
504 1835 690 1948 eomitantiheugs
698 1893 794 1959 armis,

149 1965 247 2020 Punica
256 1966 399 2038 sequentis
411 1967 507 2022 attollet
517 1967 601 2040 gloria
612 1968 705 2023 rehusl
711 1960 739 2055 Α

96 2049 121 2092 50
150 2040 189 2096 Tu
199 2039 278 2095 modo
286 2057 364 2113 posce
372 2041 435 2096 deos
445 2042 564 2108 veniam,
576 2042 712 2114 sacrisque
720 2040 803 2097 lrtntis

150 2114 259 2189 indulge
267 2116 393 2187 hospitio,
405 2133 566 2188 caussasque
574 2117 676 2172 innecte
685 2115 833 2183 morandi,'

149 2189 215 2244 dum
225 2188 534 2264 pelagodeseevithiems
546 2197 572 2247 et
581 2208 698 2263 aquosus
706 2189 800 2256 Orion,
847 2214 891 2269 :qs

149 2270 340 2336 quassateeque
349 2273 430 2331 retes,
442 2265 507 2319 dum
520 2281 573 2320 non
583 2263 716 2321 tractabile
724 2258 896 2329 coelum.“'⁵4

149 2338 197 2392 His
206 2336 283 2391 dictis
293 2339 430 2394 incensum
441 2340 561 2395 animum
571 2338 746 2395 inflammavit
757 2356 857 2406 emere,

96 2422 121 2466 55
149 2427 278 2484 spemque
287 2411 359 2468 dedit
368 2413 464 2469 dubiae
473 2415 569 2480 menti,
581 2414 713 2486 solvitque
722 2414 862 2486 pudorem

186 2485 318 2557 Principio
327 2486 435 2543 delubra
445 2489 555 2555 adeunt,
566 2505 711 2562 pacemque
722 2505 841 2561 perarua

150 2561 308 2634 exquirunt:
329 2569 443 2617 mactant
452 2561 529 2618 lectas
538 2563 572 2619 de
582 2581 654 2618 more
662 2562 783 2619 bidentes

141 2636 270 2716 legiferae
280 2636 371 2697 Cereri
378 2637 554 2712 ‚Phoebeque
560 2679 569 2703 ,
575 2638 810 2709 netriuuetnum,
