1846 3052
132 170 326 218 Anumnos
344 172 416 217 mu.
436 170 467 216 x.
625 166 675 221 ³23

98 277 174 325 estor:
196 269 541 326 liceatdimittere'abanmis

104 345 256 410 Ascanium,
269 344 344 399 lioeat
352 363 489 418 superesse
498 352 629 418 nepotem.

98 437 108 473 e
119 420 214 493 ignotis
223 420 330 473 iactetur
340 420 367 475 in
376 420 465 486 undis,

99 512 168 565 nque
178 495 248 548 viam
262 494 361 549 dederit
367 496 492 559 Fortuna,
505 503 644 567 sequatur:

98 592 111 633 ι,
123 576 148 623 et
156 569 227 622 dirae
237 568 339 624 valeam
348 569 494 624 subducere
502 587 615 643 pugnae
704 580 730 623 so

99 661 131 708 rs,
143 651 182 696 est
190 642 258 698 celsa
267 644 335 697 mihi
345 644 459 714 Paphus,
470 651 549 714 atque
558 644 680 719 Cythera,

98 718 202 773 iomus:
223 718 315 788 positis
325 718 453 790 inglorius
463 719 544 773 armis

100 810 190 848 evum.
220 794 314 865 Magna
324 792 421 847 ditione
431 793 519 848 iubeto

98 876 178 921 remat
186 868 344 922 Ausoniam:
364 867 432 922 nihii
441 868 555 922 urbibus
564 867 627 922 inde

99 943 153 996 riis.
182 941 252 1008 Quid
262 949 361 1013 pestem
371 942 479 997 evadere
487 941 551 996 belli
705 953 730 995 55

99 1016 193 1089 golioos
203 1017 320 1072 medium
330 1016 431 1091 fugisse
438 1034 484 1088 per
494 1017 582 1090 ignes;

99 1110 116 1145 is
125 1100 266 1164 vastaeque
276 1092 405 1147 exhausta
413 1090 529 1162 pericula
539 1097 630 1154 terrae,

99 1167 212 1220 nTeuori
220 1167 386 1238 recidivaque
394 1168 519 1238 Pergama
528 1163 677 1236 quaerunt?

109 1241 208 1296 cineres
218 1241 316 1312 patriae
326 1240 454 1295 insedisse
463 1255 610 1311 supremae,

99 1334 120 1380 o,
132 1333 186 1387 quo
195 1317 270 1370 Troia
279 1314 346 1369 iuit‘?
364 1315 502 1369 Xanthum
512 1321 537 1368 et
545 1313 677 1368 Simoenta
704 1324 729 1366 oo

104 1391 220 1458 miseris3
247 1391 394 1460 iterumque
403 1388 535 1444 revolvere
543 1404 621 1442 casus

99 1465 174 1520 iiacos
184 1465 300 1520 Teucris.
331 1465 400 1518 Tum
410 1463 481 1537 regia
492 1464 559 1518 luno

99 1541 185 1613 gravi:
206 1537 581 1611 Quidmoaltasilentiacogis

99 1616 255 1670 zobductum
267 1615 352 1669 verbis
361 1613 470 1686 vulgare
480 1611 614 1668 dolorem?

99 1687 614 1762 ninumquisquamdivumquesubegit
704 1698 729 1742 65

99 1811 100 1820 ,
113 1773 158 1819 aut
168 1765 268 1818 hostem
279 1765 332 1837 regi
343 1782 372 1819 se
380 1763 475 1818 inferre
484 1762 594 1818 Latino?

99 1840 190 1911 spetiit
200 1840 358 1904 auctoribus¹
370 1846 433 1905 esto,

110 1914 242 1986 impulsus
253 1913 342 1970 furiis:
363 1932 430 1969 num
441 1913 560 1986 linquere
568 1920 650 1967 castra

101 2008 143 2054 us,
156 1998 201 2043 aut
212 1990 291 2043 vitam
301 1989 462 2043 committere
470 1987 574 2043 ventis?

104 2082 237 2119 summam
247 2063 318 2127 belli,
330 2080 394 2118 num
405 2063 508 2116 credere
518 2060 626 2115 muros?
703 2071 728 2113 r'u

101 2157 132 2193 ve
142 2140 219 2192 iidem
231 2147 276 2193 aut
287 2145 377 2211 gentes
386 2137 482 2209 agitare
492 2133 612 2207 quietas?

99 2233 113 2267 n
124 2213 251 2277 fraudem,
263 2230 330 2284 quae
340 2212 406 2266 dura
413 2211 527 2283 potentia
536 2210 618 2264 nostri

100 2290 212 2353 ieiuno,
224 2288 372 2342 demissave
381 2286 499 2341 nubibus
507 2283 576 2338 iris?

99 2372 136 2428 est,
149 2363 225 2417 italos
235 2363 339 2416 Troiam
348 2359 509 2416 circumdare
518 2357 633 2415 flammis

105 2440 221 2509 etpatria
232 2438 351 2491 Turnum
361 2435 587 2500 consistereterra,
703 2442 728 2486 5⁵

100 2531 126 2566 as
136 2530 211 2577 avus,
223 2512 265 2566 oui
276 2512 337 2566 diva
347 2509 449 2566 Venilia
459 2517 554 2566 mater:

100 2589 209 2643 Troianos
219 2596 273 2642 atra
283 2587 339 2642 vim
350 2584 416 2640 ferre
424 2583 544 2640 Latinis?

100 2663 298 2737 iogopremere,
310 2669 391 2740 atque
400 2667 519 2722 avertere
525 2656 658 2734 praemuni

526 2753 589 2811 m
