1846 3052
192 121 241 175 432
353 128 384 172 P.
405 126 575 174 VIRGILII
592 126 769 174 MARONIS

192 245 273 301 quem
282 227 394 300 pavidae
402 227 510 283 alternis
518 226 632 301 fugitant
641 234 787 299 optantque
796 228 908 301 puellae:

191 304 348 375 Hesperium
357 303 450 367 vitant,
462 310 552 374 optant
561 300 696 357 ardescere
705 302 810 359 Solem:

191 377 334 451 praeceptis
342 385 415 448 paret
425 377 501 451 virgo
510 376 629 441 nutricis,
641 383 668 431 et
676 393 770 433 omnes

190 451 312 524 undique
320 452 453 524 conquirit
462 451 580 507 nubendi
591 450 684 507 sedula
695 468 815 509 caussas.

137 539 176 581 355
191 528 335 582 Tautantur
347 528 446 599 patriae
455 526 597 582 submissis
607 525 718 581 vocibus
728 545 816 593 aures,

192 601 387 673 laudenturque
396 601 480 657 bonae
491 601 563 673 pacis
571 599 654 656 hona:
675 601 780 657 multus
789 603 892 676 ineptae

191 675 305 749 virginis
314 675 420 732 insolito
428 693 515 731 sermo
526 691 612 731 novus
621 681 690 737 errat
699 676 729 731 in
739 693 795 732 cre.

190 751 269 805 Nunc
277 757 388 806 tremere
397 751 519 806 instantis
528 749 591 805 belli
599 750 743 805 certamina
752 751 827 822 dicit,

190 841 414 897 communemque
423 826 516 879 timere
526 825 622 892 Deum,
638 841 712 881 nunc
722 826 794 899 regis
804 828 911 891 amicos,

137 911 176 955 36⁰
191 898 317 973 (namque
326 901 384 972 ipso
393 899 475 954 verita
487 906 526 953 est
535 897 621 955 orbari
632 908 733 954 moesta
742 902 861 975 parente)

191 991 254 1030 cum
264 976 325 1031 Iove
334 991 488 1029 communes
497 972 686 1045 quiquondam
690 975 812 1033 habuere
816 986 917 1049 nepotas

191 1050 353 1105 nuncetiam
362 1049 471 1105 conficta
479 1048 539 1103 dolo
548 1047 684 1103 mendacia
694 1051 768 1122 turpi

191 1125 302 1189 invenit,
315 1132 341 1181 et
350 1125 446 1180 Divum
456 1131 532 1178 terret
541 1121 682 1178 formidine
691 1125 779 1194 cives,

191 1216 264 1254 nunc
273 1198 324 1254 alia
333 1217 366 1255 ex
376 1199 444 1266 aliis,
456 1215 504 1254 nec
512 1198 617 1263 desunt,
629 1199 719 1254 omina
727 1202 843 1271 quaerit.

137 1283 176 1328 355
191 1274 351 1339 Quinetiam
360 1281 444 1330 castos
456 1291 521 1328 ausa
531 1280 570 1328 est
578 1290 747 1346 corrumpere
756 1284 845 1332 vates:

190 1355 231 1412 ut,
242 1365 304 1403 cum
314 1366 388 1404 caesa
397 1349 441 1421 pio
453 1348 588 1404 cecidisset
597 1348 704 1403 victima
713 1348 793 1415 ferro,

192 1431 288 1488 essent,
300 1424 347 1496 qui
356 1442 484 1497 generum
494 1424 581 1478 lliuca
590 1423 742 1479 auctoribus
752 1427 824 1481 extis

192 1497 310 1570 iungere,
322 1506 348 1553 et
356 1499 481 1569 ancipites
491 1497 631 1553 suaderent
640 1496 730 1554 tollere
739 1517 859 1574 pugnas.

229 1572 264 1626 At
273 1574 365 1627 nutrix
373 1573 462 1644 patula
471 1590 631 1643 componens
643 1571 747 1630 sulfura
758 1583 834 1641 testa,

137 1656 177 1699 370
192 1647 349 1712 narcissum,
360 1649 521 1719 casiamque,
534 1647 629 1702 herbas
638 1649 757 1705 incendit
765 1649 879 1717 olentes,

191 1728 284 1792 terque
293 1739 395 1777 novena
405 1722 469 1795 ligat
478 1721 573 1794 triplici
583 1722 687 1777 diversa
697 1723 787 1779 colore

192 1794 250 1863 fita;
272 1801 309 1848 ter
324 1795 352 1850 iu
361 1797 495 1868 gremium
505 1814 618 1862 mecum,
631 1797 728 1868 inquit,
740 1799 917 1874 despucv'ugt

191 1869 349 1940 despuetur,
362 1871 451 1943 virgo:
473 1889 583 1927 numero
595 1872 663 1927 Deus
674 1872 780 1944 impare
788 1875 892 1949 gaudet

192 1944 256 1999 lude
268 1945 323 2000 lovi
331 1946 449 2017 geminat
458 1963 555 2020 magno
565 1945 692 2020 Stygialia
705 1965 793 2015 sacra,

139 2030 178 2074 375
192 2038 265 2075 sacra
275 2037 323 2075 nec
332 2020 416 2074 Idaeis
426 2021 544 2085 senibus,
556 2039 605 2076 nec
613 2023 719 2094 cognita
729 2022 835 2093 Graiis;

192 2096 286 2168 pergit,
297 2095 440 2169 Amyclaeo
449 2113 575 2169 spargens
585 2095 674 2151 altaria
686 2096 781 2164 thallo,

192 2173 262 2242 regis
272 2170 387 2225 Iolciacis
398 2172 519 2226 animum
533 2170 647 2244 deligere
661 2173 739 2227 votis.

192 2244 301 2309 Verum,
317 2246 365 2300 uhi
374 2244 448 2301 nulla
458 2252 546 2303 movet
555 2245 675 2300 stabilem
686 2245 794 2303 fallacia
802 2248 906 2311 Nisum

194 2335 242 2373 nec
250 2329 363 2390 possunt
371 2320 501 2384 homines,
516 2337 564 2375 nec
571 2328 685 2391 possunt
694 2320 801 2378 flectere
810 2322 880 2378 divi:

139 2403 178 2446 380
193 2393 272 2466 (tanta
283 2395 358 2449 estin
370 2412 451 2464 parvo
461 2395 556 2449 fiducia
569 2396 641 2449 crine
653 2397 768 2452 cavendi
776 2397 794 2469 ;)

194 2486 288 2523 rursus
297 2468 331 2523 ad
341 2469 475 2539 inceptum
485 2470 582 2524 sociam
593 2487 621 2524 se
630 2469 757 2544 adiungit
766 2473 899 2538 alumnae,

190 2561 413 2622 purpureumque
422 2552 495 2616 parat
505 2562 597 2599 rursus
607 2538 714 2602 tondere
723 2547 865 2620 capillum,

188 2644 255 2686 curn
267 2625 351 2706 longe
362 2621 502 2701 quodiam
509 2628 754 2693 captatsuaeuuers
758 2625 856 2681 amari:
