1846 3052
155 131 205 183 3dl
321 136 352 182 P.
372 133 540 182 VIRGIIrH
556 133 732 195 HAROHIS
898 39 913 301 ἱ

156 235 244 306 Atque
253 232 474 307 idemfugientem
484 230 741 304 haudestdiguatus
749 231 855 289 Oroden

156 317 280 372 sternere.
291 323 339 364 neo
348 307 414 361 iacta
426 323 532 363 caecum
540 305 603 361 dare
611 305 723 377 cuspide
732 305 850 363 munus:

156 383 252 441 obvius
262 381 425 453 adversoque
437 380 558 444 occurrit,
567 397 650 451 seque
658 380 718 435 viro
727 381 771 451 uir

102 467 141 510 735
155 455 272 520 contulit,
284 454 357 509 haud
366 454 435 509 furto
444 453 545 517 melior,
556 453 603 509 sed
613 453 727 511 fortibus
736 455 832 510 armis.

157 532 225 585 Tum
236 546 315 600 super
324 530 455 584 abiectum
465 529 549 599 posito
559 527 626 598 pede
635 528 851 588 nixusethasta:
911 582 915 597 ,

156 606 220 659 Pare
230 603 293 659 belli
301 603 374 659 haud
385 602 532 667 temnenda,
544 603 605 667 viri,
616 603 682 657 iacet
690 602 762 659 altus
772 604 879 661 Orodes.

156 677 327 734 Conclamant
334 678 399 733 socii
408 678 505 732 laetum
514 693 613 748 paoeua
623 677 718 733 secra.

157 753 203 806 lile
212 759 299 807 autem
306 753 455 822 exspirans:
466 753 525 807 Nou
535 768 587 816 me,
594 751 752 823 quicunque
761 752 892 817 usinulto,

101 833 141 879 tto
156 827 246 890 vietor,
258 825 571 897 neolongumlaetabere:
591 833 735 897 tequoque
744 825 804 893 lata

156 900 410 971 prospectantparia,
423 908 501 970 atque
509 899 601 955 eadem
611 917 674 955 mox
683 917 749 955 arva
757 901 868 957 tenebis.
922 903 923 907 ’

157 973 199 1028 nd
209 991 289 1045 quem
299 973 439 1029 subridens
449 974 532 1029 mixta
542 974 752 1030 Mezentiusira:

157 1050 235 1103 Nunc
251 1064 364 1103 morere:
385 1054 426 1103 ast
440 1047 473 1103 de
487 1047 632 1103 medicum
641 1055 716 1119 pater
726 1051 895 1121 atquehomi-

623 1136 774 1179 'uumrex

159 1195 261 1250 viderit.
286 1195 656 1267 Hoedicenseduxitoorpora
666 1196 763 1252 telum.

102 1279 143 1324 745
158 1270 211 1324 Olli
224 1269 289 1325 dura
298 1271 374 1341 quies
383 1270 472 1325 oculos
481 1278 506 1324 et
514 1270 613 1325 ferreus
623 1278 701 1343 urget

157 1362 282 1413 somnus3
304 1346 332 1399 in
346 1353 477 1399 aeternam
486 1344 647 1401 clauduntur
655 1344 761 1401 lumina
772 1354 880 1401 noctem.

158 1418 285 1474 Caedicus
293 1418 448 1475 Alcathoum
458 1419 603 1484 obtruncat,
616 1419 735 1475 Sacrator
744 1421 894 1494 Hydaspem

157 1493 382 1563 Partheniumque
396 1495 469 1565 Rapo
477 1501 502 1547 et
514 1493 675 1564 praedurum
688 1495 796 1550 viribus
805 1495 895 1551 Orsen:

157 1569 294 1637 Messapus
306 1567 482 1637 Cloniumque
491 1567 709 1640 Lycaoniumque
718 1569 856 1637 Erioeteu;

102 1653 142 1695 750
157 1640 232 1694 illum
247 1639 355 1695 infrenis
365 1642 428 1712 equi
437 1641 513 1712 lapsu
522 1641 615 1695 tellure
625 1642 765 1707 iuuentem,

157 1715 229 1768 hune
237 1714 351 1784 peditem
364 1715 451 1784 pedes.
480 1716 515 1770 Et
525 1716 623 1787 Lycius
632 1726 798 1786 processerat
807 1717 883 1789 Agis:

157 1805 237 1859 quem
247 1794 334 1841 tamen
345 1788 417 1842 haud
428 1806 522 1859 expers
532 1789 641 1845 Valerus
651 1791 761 1845 virtutis
770 1792 857 1845 avitae

158 1861 256 1927 deiicit3
277 1867 304 1914 at
313 1861 457 1916 Thronium
467 1862 563 1926 Salius.
575 1863 731 1935 Saliumque
740 1865 862 1929 Nealces,

159 1935 271 2008 insignis
279 1934 363 1989 iaculo
375 1943 401 1990 et
410 1936 487 2008 louge
496 1936 600 1993 lalleute
611 1939 716 2010 sagitta.

103 2024 143 2068 755
195 2012 249 2065 lam
259 2010 347 2084 gravis
358 2011 486 2081 aequabat
498 2011 584 2067 luctus
594 2019 619 2067 et
629 2020 722 2067 mutua
734 2013 845 2068 Mavors

159 2084 264 2154 lunera,
286 2085 427 2140 caedebant
435 2085 531 2156 pariter
541 2087 689 2157 pariterque
699 2087 814 2143 ruebant

159 2161 268 2215 victores
282 2160 410 2231 victique3
432 2178 518 2231 neque
532 2161 574 2214 his
588 2159 731 2233 sagenula,
746 2178 840 2234 neque
847 2160 907 2218 illis

159 2233 191 2289 Di
202 2235 271 2287 lovis
281 2234 391 2288 intectis
401 2235 466 2288 iram
478 2235 635 2288 miserantur
645 2235 754 2289 inanem

160 2307 307 2371 amborum,
323 2317 347 2362 et
358 2316 442 2363 tantos
452 2308 606 2364 mortalibus
614 2326 672 2363 esse
682 2308 802 2378 laborem

106 2392 146 2436 750
161 2381 223 2434 hinc
231 2381 330 2444 Venus,
343 2382 406 2435 hinc
415 2389 502 2436 contra
513 2391 610 2452 spectat
619 2383 743 2436 Saturnia
753 2385 836 2440 luno.

162 2453 259 2509 Pallida
268 2454 410 2524 Tisiphone
420 2456 506 2511 media
517 2457 582 2511 inter
592 2456 676 2511 millia
685 2459 783 2514 saevit.

161 2529 195 2583 At
204 2545 265 2583 vero
276 2529 407 2600 ingentem
418 2532 539 2600 quatiens
551 2532 695 2586 Mezentius
705 2531 814 2588 hastam

159 2603 285 2667 turbidus
295 2602 441 2684 ingreditur
451 2623 556 2677 campo.
580 2605 796 2678 Quammagnus
805 2607 901 2675 Orion,
