1846 3052
131 151 325 198 autumnos
344 152 413 198 LIB.
433 153 478 199 111.
625 149 674 202 467

96 256 216 323 tegumen
227 252 326 323 spinis:
349 259 375 306 at
383 260 481 306 caetera
491 251 596 317 Graius,

96 327 205 396 ipatriis
215 326 249 381 ad
258 326 361 382 Troiam
371 326 470 380 missus
480 327 507 380 in
516 328 607 383 armis.
690 339 727 382 595

96 400 223 456 tardanios
235 400 341 455 habitus
353 407 378 455 et
388 401 465 455 Troia
473 400 540 456 vidit

96 473 118 539 i,
130 474 252 546 paullum
261 475 386 546 adspectu
395 476 550 532 conterritus
558 476 650 541 haesit,

96 548 251 622 regradum3
271 567 335 605 mox
344 550 443 604 sesead
452 549 525 605 litora
534 567 656 622 praeceps

96 624 252 696 renibusque
260 623 334 679 tulit:
355 625 403 679 Per
412 622 497 679 sidera
505 632 592 691 testor,

96 717 112 763 a,
124 707 203 771 atque
211 698 262 754 hoe
270 698 334 754 ooali
345 698 469 770 spirabile
478 696 583 754 lumen:
688 710 728 752 tuo

97 775 195 842 seueri;
217 772 520 846 quascunqueabdueite
530 781 623 843 terras;

96 890 100 902 .
130 848 188 902 Scio
199 866 242 902 me
250 846 505 903 Danaiseclassibus
515 865 610 914 unum,

97 922 228 978 oosiateor
236 923 342 994 petiisse
350 923 467 977 Penates.

101 996 204 1052 sceleris
214 1005 285 1053 tanta
293 1005 333 1053 est
341 997 438 1051 iniuria
447 996 538 1062 nostri,

97 1073 140 1126 ein
151 1070 254 1137 fluctus,
266 1079 392 1144 vastoque
402 1071 549 1145 immergite
558 1072 667 1143 ponto!
689 1082 728 1125 555

97 1147 211 1201 >minum
221 1147 345 1202 manibus
354 1146 463 1218 periisse
471 1145 582 1201 iuvabit.

97 1232 101 1275 :
113 1238 199 1293 genua
209 1221 355 1294 amplexus,
366 1221 532 1293 genibusque
541 1217 662 1274 volutans

98 1295 150 1361 Qui
158 1296 200 1354 sit,
212 1294 270 1360 fari,
282 1312 336 1368 quo
346 1295 578 1367 sanguineorum,

106 1386 174 1441 quae
182 1369 277 1425 deinde
286 1370 364 1443 agitet
376 1371 499 1432 Fortuna,
511 1366 594 1422 fateri.
752 1375 789 1425 4

97 1444 203 1499 lextram
212 1445 348 1510 Anchises,
360 1442 432 1498 haud
441 1442 523 1497 multa
533 1448 658 1507 moratus,
689 1453 728 1497 utu

102 1526 181 1590 atque
190 1519 310 1574 animum
320 1518 448 1590 praesenti
458 1517 567 1590 pignore
576 1516 669 1573 firmat.

97 1594 194 1665 aposita
202 1594 308 1649 tandem
318 1592 465 1656 formidine,
477 1591 559 1647 interr:

105 1685 138 1723 ex
148 1668 243 1734 Ithaoa,
257 1685 344 1724 eomes
355 1666 464 1722 infelicis
474 1665 555 1729 Ulixi.

99 1742 241 1808 emeuides,
253 1743 357 1798 Troiam
367 1741 484 1815 genitore
492 1739 634 1796 Adamasto

99 1818 263 1889 ansissetque
272 1818 374 1872 utinam
384 1816 486 1871 fortuna
493 1815 509 1888 t)
519 1814 672 1887 profectost
690 1824 728 1868 515

97 1891 226 1964 mtrepidi
235 1892 350 1947 crudelia
360 1891 452 1945 limina
462 1889 596 1962 linquunt,

97 1967 176 2022 ssooii
188 1974 262 2022 vasto
272 1966 393 2040 Cyclopis
403 1965 430 2019 in
440 1971 515 2018 antro

110 2042 210 2097 Domus
220 2041 293 2097 sanie
302 2040 469 2112 dapibusque
477 2039 601 2102 eruentis,

101 2158 108 2181 ,
120 2117 224 2190 ingens.
254 2117 312 2187 lpse
320 2115 428 2178 arduus,
440 2111 543 2184 altaque
551 2111 640 2184 pulsat

102 2190 181 2246 talem
189 2191 266 2246 terris
279 2190 385 2245 avertite
396 2185 524 2261 pesterffl)
692 2195 730 2238 ott

98 2265 160 2331 tilis,
174 2265 302 2323 neodiotu
311 2261 490 2319 affabilisulli.

98 2339 256 2396 miserorum
266 2348 292 2395 et
300 2338 430 2412 sanguine
438 2335 551 2391 vescitur
561 2342 638 2402 atron

98 2421 119 2481 t,
130 2414 184 2471 duo
192 2414 225 2470 de
234 2431 344 2469 numero
351 2429 437 2486 quum
446 2426 552 2482 corpora
562 2416 651 2464 nostro

98 2507 129 2545 au
141 2507 237 2565 magna
248 2489 334 2543 medio
343 2486 483 2558 resupinus
493 2487 521 2540 in
532 2491 605 2538 antro

98 2564 226 2629 dsaxum,
238 2564 363 2634 sanieque
371 2577 494 2633 exspersa
503 2564 621 2614 natarent
693 2566 731 2608 555

98 2638 133 2707 ni,
143 2648 199 2696 atro
208 2657 292 2712 quum
303 2637 421 2693 membra
430 2634 535 2691 fluentia
545 2633 605 2686 tabo
