1846 3052
132 152 182 205 350
292 157 321 205 Ρ.
340 154 706 204 v1Ru1L11uARON1s

131 256 248 312 Maxima
257 272 298 310 res
310 254 407 320 efficta,
419 254 484 323 viri;
505 255 586 310 timor
593 254 681 309 omnis
691 253 792 321 abacto,

79 341 104 384 15
132 329 343 402 quodsupcrest3
364 329 603 399 haecsuntspolia‚
615 328 851 402 etderegcsuperl

131 404 275 476 primitia03
296 403 474 474 manibusque
482 404 549 458 meis
559 403 706 457 Mezentius
715 403 760 458 hic
767 411 819 460 est.

131 479 211 534 Nunc
219 477 267 532 iter
276 476 310 531 ad
318 494 407 550 regem
415 477 492 532 nobis
502 494 647 548 murosque
655 477 776 534 Latinos.

132 551 213 607 Arina
222 557 310 622 parate
319 551 426 616 animis,
439 560 464 606 ct
473 569 520 622 spa
529 550 812 622 praesumitebelium,

133 642 167 680 ne
175 642 309 697 quamora
321 626 437 697 ignaros,
448 625 496 680 ubi
504 626 622 696 primum
632 625 728 681 vellere
737 627 817 701 signa

78 710 105 754 2⁰
132 698 273 754 adnuerint
281 699 379 770 superi,
393 700 546 771 pubemque
553 703 663 755 educam
673 701 779 767 castris,

133 772 267 844 impediat,
281 774 404 846 segnisve
413 782 484 829 metu
497 774 624 829 sententia
633 775 728 830 tardet.

133 849 233 902 Interea
242 848 325 902 socios
337 848 528 919 inhumataque
540 865 647 919 corpora
657 856 745 914 terrae

133 921 306 976 mandemus:
317 920 365 993 qui
374 921 447 976 solus
457 923 541 977 honos
551 923 698 977 Acheronte
706 923 759 979 sub
769 924 824 980 imo
831 940 851 980 u

134 997 180 1060 Ite,
192 995 241 1063 uit;
262 995 381 1068 egregias
390 996 501 1060 animas,
513 997 720 1069 quaesanguine
732 998 811 1054 nobis

79 1079 106 1124 25
133 1069 323 1142 hancpatriam
333 1086 454 1141 peperere
461 1086 520 1134 suo,
534 1070 651 1125 decorate
658 1072 794 1143 supremis

135 1144 307 1210 muneribus3
318 1151 498 1215 moesiamque
509 1144 628 1198 Evandri
636 1145 851 1216 primusadurbc

134 1217 254 1272 mittatur
265 1217 360 1282 Pallas,
374 1235 455 1289 quem
465 1235 517 1273 non
527 1217 632 1274 virtutis
642 1227 763 1291 egentem

135 1290 245 1345 abstulit
254 1297 309 1346 atra
319 1291 384 1356 dies,
396 1299 421 1346 et
429 1291 521 1346 funere
530 1292 621 1346 mersit
630 1292 734 1347 acerbo.

172 1364 215 1418 Sic
224 1365 261 1419 ait
269 1365 437 1430 illacrimans,
444 1366 587 1437 recipitque
596 1365 630 1419 ad
639 1365 733 1421 limina
741 1384 851 1440 gressuu

82 1447 108 1491 aa
135 1453 231 1509 eorpus
240 1438 288 1492 uhi
298 1439 413 1492 exanimi
424 1440 540 1510 positum
551 1438 676 1493 Pallantis
686 1437 796 1496 Acoetes

135 1511 256 1566 servabat
264 1512 359 1576 senior,
372 1512 419 1583 qui
429 1513 565 1567 Parrhasio
573 1512 697 1567 Evandro

136 1585 250 1657 armiger
260 1593 319 1640 ante
327 1585 390 1654 fuit3
411 1586 521 1641 sednon
531 1585 652 1641 felicibus
661 1603 748 1657 aeque

136 1664 194 1712 tum
206 1674 293 1713 comes
303 1659 427 1730 auspiciis
438 1676 498 1714 caro
509 1659 586 1714 datus
597 1660 651 1714 ibat
660 1659 780 1716 alumno.

137 1731 625 1805 Circumcmnisfamulumquemanus
631 1734 799 1808 Troianaque
807 1735 851 1791 tur]

83 1815 109 1860 as
136 1813 162 1859 ct
171 1812 300 1859 moestum
310 1805 404 1860 Iliades
416 1807 516 1862 crinem
525 1807 558 1862 de
567 1824 639 1862 more
648 1807 761 1864 solutae.

135 1879 171 1934 Ut
179 1895 242 1934 vero
249 1878 349 1934 Aeneas
360 1879 462 1936 foribus
471 1899 528 1936 sese
539 1881 628 1949 intulit
636 1881 710 1937 altis:

136 1953 270 2024 ingentem
279 1954 408 2026 gemitum
417 1959 504 2010 tunsis
513 1955 546 2009 ad
555 1954 640 2010 sidera
648 1955 748 2010 tollunt

137 2027 295 2097 pectoribus,
307 2035 458 2099 moestoque
465 2029 590 2102 immugit
599 2030 671 2102 regia
681 2028 765 2085 luctu.

139 2102 206 2170 Ipse,
218 2111 296 2172 caput
305 2102 375 2157 nivei
384 2101 480 2157 fultum
490 2102 614 2158 Pallantis
626 2110 652 2157 et
660 2120 707 2159 ora

83 2181 111 2228 au
138 2181 168 2230 ut
176 2175 252 2240 vidit,
264 2175 369 2248 levique
378 2184 470 2247 patens
479 2178 507 2232 in
517 2186 618 2248 pectora
627 2176 727 2233 vulnus

138 2248 257 2320 cuspidis
269 2250 409 2314 Ausoniae,
422 2251 537 2306 lacrimis
547 2252 583 2306 ita
592 2251 662 2306 fatur
671 2252 787 2308 obortis:

138 2323 218 2387 Tene,
231 2322 327 2393 inquit,
341 2324 490 2380 miseranda
498 2342 573 2396 puer,
585 2342 671 2396 quum
681 2324 749 2381 laeta
759 2329 851 2385 venire

140 2394 236 2450 invidit
246 2397 362 2452 Fortuna
369 2399 445 2464 mihi,
459 2416 493 2453 ne
502 2417 582 2472 regna
592 2399 694 2454 videres

140 2475 237 2531 nostra„
252 2487 338 2541 neque
348 2471 381 2526 ad
392 2473 468 2527 sedes
478 2474 560 2528 victur
567 2474 691 2530 veherere
699 2476 850 2544 paternas?

84 2550 111 2600 45
139 2544 199 2599 Non
208 2544 273 2600 haec
281 2545 404 2600 Evandro
413 2547 616 2618 deteprcmissa
625 2547 728 2619 parenti

135 2619 280 2682 discedam
287 2620 426 2692 dederam,
436 2621 731 2696 quummemmpisxus
739 2629 851 2683 cuntem
