1846 3052
96 180 220 226 [EIDOS
239 180 311 225 LIB.
331 180 352 226 Ι,
513 175 556 228 101

96 296 169 334 ecum
178 280 225 334 dea
235 279 311 334 corda
320 278 452 345 uolutans,
591 293 616 335 aa

96 372 139 420 rm,
154 354 208 409 loca
218 355 268 409 seta
277 354 426 409 furentibus
436 355 542 420 austris,

106 436 179 483 vasto
188 447 234 483 rex
243 428 340 483 Aeolus
351 435 425 483 antro

96 511 273 573 npestatesqua
285 520 393 556 sonoras

99 577 193 632 vinclis
203 583 228 631 et
237 594 336 631 carcere
346 576 439 630 frenat.

96 668 218 724 gnaeum
227 651 472 704 murmuremontis
592 662 616 704 55

96 732 188 780 munt:
198 750 200 759 v
209 725 278 779 celsa
288 724 360 778 sedet
367 724 464 779 Aeolus
475 742 533 779 arca

96 800 178 870 litque
188 801 298 862 animos,
309 806 334 853 et
343 806 470 870 temperat
479 800 544 854 iras:

96 892 165 928 erras
178 873 334 944 coelumque
343 873 504 944 profundum

96 949 213 1012 isecum,
226 955 382 1018 verrantque
391 965 438 1019 per
446 966 534 1003 auras.

97 1042 127 1076 ns
136 1023 270 1094 speluncis
280 1022 381 1076 abdidit
390 1022 462 1087 atris,
591 1032 617 1076 to

97 1115 183 1169 emque
192 1105 218 1150 et
226 1104 327 1150 montes
337 1096 446 1167 insuper
455 1096 520 1151 altos

97 1190 110 1226 e
119 1172 202 1234 dedit,
212 1172 259 1242 qui
268 1170 371 1225 foedere
380 1180 449 1225 certo

97 1247 189 1301 ssciret
198 1246 259 1300 dare
270 1246 359 1299 iussus
370 1245 496 1300 habenas.

104 1320 217 1391 supplex
227 1320 269 1374 his
279 1319 389 1375 vocibus
398 1336 447 1373 usa
457 1326 510 1374 est:

97 1396 130 1449 ihi
140 1396 233 1450 divum
243 1401 316 1466 pater
326 1401 405 1465 atque
413 1394 554 1448 hominum

314 1486 361 1523 rex
592 1479 617 1522 ⁶5

97 1550 154 1597 ctus
163 1551 188 1598 et
197 1542 286 1599 tollere
295 1551 386 1610 vent0;

97 1619 259 1692 Tyrrhenum
269 1619 376 1691 navigat
385 1634 491 1688 aequor,

97 1701 165 1761 rtans
177 1694 311 1764 victosque
319 1695 442 1747 Penates:

97 1769 295 1838 submersasque
305 1767 387 1822 obrue
397 1783 513 1838 puppes;

97 1841 207 1897 tdisiice
216 1859 322 1913 corpora
331 1849 420 1913 punto.
591 1850 618 1893 τυ

99 1935 125 1970 m
135 1917 274 1987 praestanti
285 1933 391 1987 corpore
399 1914 548 1989 Nymphae,

97 2010 104 2044 r
115 1991 300 2062 pulcherrima,
312 1991 450 2060 De'r'opeam

98 2065 169 2119 tabili
179 2066 366 2137 propriamque
376 2063 482 2117 dicabo:
638 2118 664 2141 .-.-

97 2141 160 2193 eritis
170 2157 218 2210 pro
227 2139 324 2194 talibus
335 2155 418 2192 annos

98 2215 161 2268 aciat
172 2223 195 2267 te
204 2208 276 2285 prote
285 2220 430 2284 parentem.
592 2222 618 2264 75
638 2164 671 2245 {L

100 2307 139 2342 ra:
161 2290 243 2353 Tuus,
256 2288 379 2360 megine,
391 2285 457 2358 quid
466 2292 548 2357 optes,

98 2363 140 2416 rihi
152 2363 224 2416 iussa
235 2379 368 2433 capessere
378 2360 417 2415 sas
427 2368 476 2414 est.

98 2455 146 2510 que
159 2437 303 2511 maregni,
319 2444 347 2490 tu
361 2443 461 2506 sceptra
476 2437 518 2489 10-

314 2527 428 2581 vemque

98 2585 164 2656 pulis
174 2586 326 2640 accumbere
335 2585 436 2647 divum,

98 2665 515 2739 *tempestatumquepotentem
607 2665 642 2709 tt
