1846 3052
180 190 231 244 342
343 195 372 240 P.
391 190 560 240 vntum!
577 187 755 237 HARONIS

180 292 354 364 Omnipotens
362 292 472 364 genitor,
483 290 580 344 tanton'
589 306 633 344 me
641 288 754 345 crimine
784 289 791 302 '
831 308 879 347 um

180 366 291 429 dumeti,
303 373 328 421 et
337 365 400 420 tales
410 363 518 420 voluisti
527 363 675 435 expendere
682 381 784 436 poenas

126 451 166 494 tto
180 440 239 507 Quo
251 438 338 496 loror‘l
356 440 428 495 unde
442 437 515 494 abii‘l
532 456 601 511 quae
614 455 658 493 me
671 436 746 512 luga,
759 456 876 513 quemve
886 456 913 495 re

179 588 357 644 Laurentesne
367 588 462 643 iterum
473 603 564 643 muros
574 593 620 642 aut
630 594 715 643 castra
723 586 842 644 videbo?

146 693 149 698 -
180 659 913 735 Quidmanusillavirum,quimemeaqucarmaseoud'

180 752 284 808 quosne
293 736 383 810 (nefas)
394 754 486 791 omnes
496 735 604 791 infanda
613 743 697 791 morte
709 736 829 809 reliqui?

179 816 205 866 ct
216 827 288 865 nunc
298 811 416 882 palantes
427 811 511 874 video,
525 811 710 884 gemitumque
717 810 864 866 cadentum

126 897 166 942 tta
180 883 289 956 accipio.
312 884 383 951 Quid
392 884 459 958 ago?
477 892 522 940 aut
532 902 600 956 quae
609 885 664 938 iam
673 885 738 939 satis
749 885 804 939 ima
814 885 913 941 dehisce

180 966 248 1015 terra
257 958 343 1014 mihi?
360 959 413 1015 Vos
423 975 438 1013 o
447 960 535 1031 potius
546 959 714 1024 miserescite,
725 959 816 1014 irentil

181 1035 213 1090 ln
223 1051 311 1106 rupes,
322 1034 352 1088 in
361 1051 424 1088 saxa
433 1031 533 1105 (voleus
545 1049 592 1086 vos
601 1033 709 1088 Turnus
718 1033 810 1107 adoro)

181 1108 245 1164 ferte
254 1116 345 1174 ratem,
357 1108 497 1178 saevisque
506 1107 581 1162 vadis
591 1106 725 1162 immittite
734 1107 833 1183 Syrtis,

181 1200 236 1255 quo
245 1200 332 1255 neque
342 1200 386 1237 me
395 1181 496 1246 Rutuli,
509 1198 557 1236 nco
565 1181 670 1236 muscia
678 1181 751 1237 lama
760 1188 897 1255 sequatur.

127 1269 167 1313 tto
181 1258 411 1322 llaecmemorans,
418 1256 506 1311 animo
511 1256 648 1320 nunchuc,
655 1273 729 1311 nunc
734 1255 845 1313 fluctuat
852 1255 911 1312 illuc

182 1349 216 1387 an
226 1349 284 1387 sese
292 1349 418 1387 mucrone
426 1332 461 1386 ob
471 1337 574 1385 tantum
583 1329 697 1386 dedecus
705 1348 802 1387 amens

182 1405 284 1470 induat,
296 1414 322 1461 et
330 1405 443 1460 crudum
451 1422 498 1477 per
508 1412 592 1459 costas
601 1405 691 1478 exigat
701 1421 811 1474 ensem3

181 1479 306 1535 fluctibus
316 1498 350 1534 an
359 1481 434 1548 iaciat
443 1479 548 1544 mediis,
559 1486 583 1534 et
593 1478 667 1533 litora
677 1479 769 1534 nando

183 1571 264 1609 curva
276 1561 354 1625 petat,
366 1555 549 1624 Teucrumque
562 1554 656 1608 iterum
666 1571 695 1606 se
705 1553 801 1608 reddat
810 1553 839 1608 in
848 1568 912 1607 arma

128 1638 167 1682 tut
182 1629 232 1682 Ter
244 1634 352 1682 conatus
361 1635 503 1698 utramque
512 1627 598 1681 viam:
619 1635 657 1681 ter
666 1628 789 1682 maxima
800 1628 868 1683 luno

182 1701 324 1767 continuit;
346 1701 523 1772 iuvenemque
531 1700 614 1755 animi
623 1701 747 1755 miserata
758 1700 891 1772 repressit.

182 1775 293 1830 Labitur
301 1774 352 1829 alta
363 1792 454 1829 secans
464 1773 598 1845 fluctuque
608 1781 737 1846 aestuque
747 1775 878 1844 secund0;

184 1858 210 1905 et
218 1848 300 1920 patris
310 1849 446 1919 antiquam
457 1849 542 1903 Dauni
552 1847 665 1903 defertur
678 1850 711 1903 nd
721 1850 832 1905 urbem.

221 1923 255 1978 At
264 1922 333 1978 lovis
342 1922 439 1978 interea
449 1924 557 1978 monitis
566 1923 712 1978 Mezentius
725 1923 825 1979 ardens

130 2009 170 2053 tto
184 1997 298 2053 succedit
306 2014 420 2070 pugnae,
433 1999 599 2068 Teucrosque
609 1997 710 2051 invadit
718 2005 841 2053 ovantes.

184 2072 352 2128 Concurrunt
361 2071 511 2146 Tyrrhenae
520 2072 597 2135 acies,
610 2079 689 2142 atque
698 2073 830 2128 omnibus
839 2071 895 2136 uni,

184 2147 234 2201 uni
243 2147 364 2218 odiisque
373 2148 430 2202 viro
439 2144 551 2216 telisque
562 2145 747 2216 frequentibus
759 2147 870 2201 instant.

184 2219 240 2286 llle,
251 2219 324 2276 velut
333 2237 420 2291 rupes,
433 2227 538 2275 vastum
547 2237 615 2290 quae
624 2220 711 2291 prodit
720 2221 749 2276 in
761 2238 870 2293 aequor,

185 2294 264 2349 obvia
274 2301 413 2349 ventorum
422 2293 508 2358 furiis,
522 2303 683 2365 expostaque
692 2303 784 2366 ponto,

133 2378 172 2422 695
185 2368 242 2422 vim
251 2375 372 2422 cunctam
383 2376 461 2439 atque
470 2369 556 2422 minas
564 2366 913 2440 periertcoeliquemarisqua

187 2443 245 2513 ipsa
257 2443 367 2496 immota
376 2459 501 2497 manens:
522 2442 622 2512 prolem
635 2442 806 2498 Dolichaonis
819 2444 913 2498 Hebron

188 2516 280 2570 sternit
293 2515 380 2580 bumi,
395 2533 457 2570 cum
471 2533 525 2586 quo
538 2517 682 2588 Latagum,
700 2515 912 2590 Palmumquolu

701 2607 790 2647 auem:

185 2668 235 2731 sed
248 2669 388 2749 Latagum
398 2682 468 2725 saxo
475 2609 900 2739 aequataqemtiaqmameau
