1846 3052
176 147 373 195 AENEIDOS
391 147 465 194 LIB.
484 147 505 195 1.
665 141 713 197 103

96 245 199 311 evadis,
209 254 289 319 atque
299 265 394 322 aggere
402 246 485 320 cingit
494 263 596 304 arenae.

96 338 150 392 ,rrae
159 321 253 395 Lycios
264 322 402 394 fidumque
411 321 523 377 vehebat
533 319 657 387 Oronten,

96 403 128 451 rte
136 396 329 469 oculosingens
339 397 459 451 avertice
470 402 571 467 pontus¹

97 468 206 525 mlerit:
227 473 358 526 excutitur
367 487 520 543 pronusque
529 470 654 542 magister
733 481 771 523 111

99 545 228 616 incaput:
249 552 289 600 ast
298 545 371 600 illam
382 555 421 600 ter
429 544 525 600 ssuctm
535 543 634 600 ibidem

96 636 171 693 agens
182 619 291 686 circum,
306 627 331 675 et
341 619 448 692 rapidus
462 626 536 674 vorat
549 635 662 690 aequore

467 701 566 748 vertex.

97 767 169 823 trari
179 775 271 823 nantes
282 769 309 823 in
318 769 424 842 gurgite
432 774 519 832 vasto3

99 846 155 907 nm,
167 842 331 914 tabulaeque,
345 851 371 897 et
380 842 456 896 Tritia
465 857 532 915 gaza
539 858 587 913 per
596 840 692 896 undas.

97 916 158 971 dem
167 916 259 973 Ilionei
268 934 373 982 navem,
384 916 436 971 iam
447 915 651 982 torristonam,
734 925 772 968 12⁰

97 999 166 1047 ectus
174 991 254 1056 Abas,
264 999 289 1046 et
298 1009 352 1063 qua
360 990 526 1065 grandaevus
535 989 631 1056 Aletes,

97 1084 146 1121 ns:
168 1065 236 1122 laxis
246 1066 356 1135 laterum
365 1065 540 1138 compagibus
548 1082 640 1120 omnes

97 1147 107 1194 1
116 1140 255 1197 inimicum
266 1139 388 1204 imbrem,
399 1140 528 1212 rimisque
537 1139 670 1194 fatiscunt.

97 1232 220 1287 amagno
229 1215 333 1270 misceri
343 1231 479 1269 murmure
489 1221 609 1285 pontum,

97 1306 155 1362 nne
163 1289 278 1344 hiemem
287 1290 524 1359 sensitNeptunus‚
536 1295 560 1343 et
571 1286 632 1341 imis
735 1296 774 1340 125

97 1363 259 1427 eiusavedis.
280 1363 400 1420 Graviter
409 1370 571 1430 commotus,
591 1369 617 1416 et
627 1359 680 1415 elto

97 1456 148 1503 ens.
160 1455 266 1493 summa
276 1436 409 1509 placidum
419 1443 496 1508 caput
505 1434 599 1491 extulit
608 1435 689 1490 unda.

97 1530 115 1567 n
125 1514 226 1567 Aeneae
234 1519 286 1567 tete
297 1511 368 1567 videt
376 1528 488 1583 aequore
497 1509 620 1566 classem:

97 1604 247 1658 roppresses
258 1588 338 1641 Troas
350 1586 467 1657 eoelique
476 1586 564 1640 ruina.

97 1679 138 1716 ere
147 1660 200 1717 doli
209 1660 316 1716 fratrem
326 1661 434 1716 Iunonis
445 1668 470 1715 et
479 1660 542 1715 irae.
675 1676 678 1681 ·
736 1668 775 1711 131

97 1735 130 1792 nd
142 1753 172 1791 se
184 1735 389 1811 Zephyrumque
403 1742 489 1862 vocat?
514 1733 611 1789 dehine
623 1731 685 1788 talia

480 1816 551 1864 atur:

98 1900 131 1939 ne
140 1900 188 1941 voe
197 1883 301 1958 generis
310 1883 393 1939 tenuit
406 1883 502 1938 fiducia
515 1879 613 1938 vestri‘l

98 1976 143 2014 um
155 1966 304 2030 terramque
315 1976 374 2014 mee
383 1958 440 2012 sine
450 1957 569 2021 numine.
581 1957 662 2020 venti,

105 2041 132 2088 et
141 2039 225 2089 tentas
235 2033 336 2089 audetis
346 2032 433 2088 tollere
443 2030 543 2087 moles?

97 2107 309 2165 t-Sedmotos
319 2115 431 2179 praestat
440 2121 597 2178 componere
606 2103 712 2161 fluetus.
737 2114 776 2158 111

97 2183 115 2238 ri
126 2201 179 2238 non
189 2183 270 2239 simili
281 2200 363 2254 poena
371 2181 513 2236 commissa
524 2180 611 2235 luetis.

98 2257 214 2332 elegam,
227 2258 335 2331 regique
344 2257 408 2311 haee
419 2256 497 2310 dieite
506 2265 607 2312 vestro:

101 2332 234 2404 naperium
244 2331 329 2405 pelagi
339 2348 503 2402 saevumque
515 2330 662 2393 tridentem,

98 2409 111 2473 ἶ,
123 2414 191 2462 sorte
201 2405 302 2462 datum.
323 2407 403 2461 Tenet
413 2403 457 2460 ille
466 2404 592 2460 immania
601 2419 675 2466 saxa,

99 2482 179 2546 Eure,
192 2481 298 2536 domos:
320 2480 403 2535 illese
413 2480 487 2535 iactet
498 2480 526 2534 in
536 2478 597 2534 aula
738 2481 776 2527 llo

98 2563 122 2612 et
129 2555 220 2612 clause
228 2563 365 2612 ventorum
376 2572 477 2610 camere
486 2562 585 2628 regnet.

98 2638 113 2698 t,
125 2630 316 2689 etdictneitins
326 2625 665 2706 110011111101011111011·ι
