1846 3052
169 139 366 186 AENEIDOS
385 140 457 186 LIB.
476 141 496 185 1.
653 134 702 188 449

94 255 118 293 te
126 255 173 309 per
182 237 280 294 multos
290 238 385 293 similis
395 238 498 294 fortuna
508 237 609 294 labores

94 312 143 368 hae
150 313 258 368 demum
270 313 354 370 voluit
362 314 502 369 consistere
512 320 587 368 teme.

95 387 197 442 ramuli
206 388 310 444 miseris
322 405 472 444 succurrere
481 387 562 442 diseo.
718 398 756 442 tto

94 469 156 531 παις
177 461 259 518 simul
268 462 374 518 Aenean
384 463 412 518 in
422 463 493 535 regia
505 461 577 516 ducit

94 535 145 592 nul
154 535 248 593 divum
257 537 362 610 templis
371 536 463 592 indicit
472 537 608 593 honorem.

94 629 116 666 ts
124 610 220 667 interea
229 611 309 667 sociis
318 611 352 668 ad
362 610 437 667 litera
448 611 527 666 mittit

96 703 167 749 uros,
181 703 338 760 magnorum
348 685 480 741 horrentia
488 691 594 739 centum

94 778 136 826 nn,
147 760 260 835 pingues
270 768 375 816 eentum
385 778 447 815 eum
457 759 586 815 matribus
595 776 686 834 agnos,
718 768 757 813 555

97 834 263 908 aetitinmque
272 835 324 891 dei.

95 908 219 964 sinteiior
229 908 309 984 regali
318 907 455 982 splendida
465 907 533 963 luxu

95 1002 114 1049 r,
126 984 274 1057 mediisque
283 990 375 1055 parant
382 983 503 1038 convivia
513 983 598 1037 tectis:

95 1065 157 1113 ntae
166 1066 251 1113 vestes
259 1067 382 1130 ostroque
394 1058 515 1129 superbo,

95 1141 207 1206 ¹gentum
217 1133 325 1197 mensis,
339 1131 487 1203 caelataque
496 1133 523 1186 in
533 1147 598 1186 auro
719 1138 758 1184 tto

95 1215 115 1262 ta
125 1215 239 1278 petrum,
251 1208 331 1263 series
340 1206 494 1280 longissima
504 1223 601 1271 rerum,

95 1290 146 1336 leta
156 1282 227 1337 vinos
237 1283 344 1355 antiqua
354 1281 387 1336 ab
396 1281 498 1354 origine
506 1280 602 1354 gentis.

95 1355 209 1428 ³(neque
217 1357 288 1411 enim
298 1356 399 1429 patrius
408 1355 548 1410 consistere
557 1360 670 1410 mentem

95 1429 152 1504 nor)
162 1431 282 1502 rapidum
294 1431 327 1486 nd
337 1447 417 1486 naves
427 1428 567 1501 praemittit
576 1428 705 1494 Achaten,

95 1504 151 1559 'erat
159 1506 230 1571 haec,
242 1507 386 1578 ipsumque
395 1505 428 1559 ad
439 1503 541 1560 moenia
550 1503 635 1571 duent.
720 1509 758 1557 545

95 1604 98 1634 ι
108 1579 221 1634 Ascanio
230 1581 283 1635 cari
294 1587 345 1635 stat
353 1597 415 1635 eura
425 1579 548 1650 parentis.

95 1661 222 1720 maeleim,
234 1654 320 1710 Iliacis
329 1662 415 1726 erepta
423 1654 517 1719 ruinis,

95 1735 123 1794 et,
137 1728 234 1800 pallam
244 1729 329 1803 signis
338 1746 455 1801 auroque
464 1729 600 1802 rigentem,

95 1810 202 1858 ttextnm
212 1820 301 1859 croceo
312 1803 432 1860 velamen
442 1803 560 1866 acantho,

95 1878 197 1951 tigivae
205 1877 325 1942 Helenae,
341 1895 409 1949 quos
418 1877 463 1931 illa
475 1875 601 1950 Mycenis,
679 1936 683 1941 ,
720 1885 759 1930 550

105 1969 191 2024 quum
201 1959 297 2024 peteret
306 1953 523 2023 inconcessosque
533 1952 704 2024 Hymenaeus,

95 2071 100 2089 ,
112 2027 204 2083 matris
214 2027 298 2082 Ledae
307 2026 427 2082 mirabile
435 2025 549 2082 donum:

105 2108 247 2173 sceptrum,
262 2101 342 2157 Ilione
350 2100 423 2174 quod
430 2107 544 2174 gesserat
555 2096 628 2164 olim,

95 2185 215 2231 natarum
224 2176 331 2241 Priami,
343 2174 462 2248 colloque
470 2172 568 2229 monile

95 2271 113 2314 t,
125 2258 150 2305 et
160 2250 293 2322 duplicem
302 2251 415 2325 gemmis
425 2265 541 2320 auroque
550 2263 683 2303 eoronam.
722 2257 760 2300 555

95 2343 163 2380 trans
173 2325 221 2380 iter
230 2325 263 2380 ad
272 2341 353 2381 naves
361 2323 482 2379 tendebat
490 2323 608 2378 Achates.

96 2400 176 2454 ‚heren
188 2417 270 2455 novas
279 2407 356 2463 artes,
371 2415 438 2453 nova
448 2404 548 2470 pectere
557 2403 642 2452 versat

96 2482 128 2529 ut
135 2473 229 2528 faciem
240 2480 355 2529 mutatus
365 2482 389 2528 et
398 2489 441 2527 ora
453 2471 554 2543 Cupido

106 2548 219 2604 Aneunio
228 2549 325 2614 veniat,
332 2547 461 2618 donisque
472 2547 599 2603 furentem

99 2620 670 2699 reginam,atqueossibusimplinstignem.
724 2627 768 2672 555
