1846 3052
120 267 167 322 112
291 275 322 320 Ρ.
342 272 515 320 VIRGILII
531 269 704 317 Mauoms

167 372 247 438 Dixit,
258 379 283 426 ct
292 378 410 426 avertens
421 388 493 425 rosea
502 371 602 426 cervice
609 369 722 436 refulsit,

130 447 329 518 ambrosiaeque
338 462 426 500 comae
435 445 558 500 divinum
567 445 664 500 vertice
672 444 782 500 odorem

130 522 274 592 spiravere;
295 519 375 591 pedes
383 519 464 574 vestis
474 518 583 573 defluxit
592 519 626 574 ad
635 519 718 589 imos3

76 602 115 649 455
129 602 154 650 et
163 611 225 650 vera
236 595 339 648 incessu
350 595 434 664 patuit
442 592 499 648 dea.
520 592 566 647 llle
574 593 621 648 ubi
632 601 744 649 matrem

130 669 246 742 agnovit,
259 669 303 724 tali
314 668 457 740 fugientem
467 675 507 732 est
515 683 578 722 voce
586 676 708 724 secutus:

130 743 201 810 Quid
211 751 303 798 natum
313 745 387 797 toties
397 741 510 796 crudelis
520 749 549 795 tu
559 758 666 814 quoque
675 741 752 797 falsis

131 818 202 872 ludis
211 816 391 890 imaginibus?
409 817 464 871 Cur
473 816 578 871 dextrae
588 817 697 889 iungere
706 817 832 873 dextram

131 910 184 946 non
194 892 280 956 datur,
292 909 322 944 ac
332 908 407 945 veras
417 890 508 944 audire
518 897 543 944 et
552 890 659 946 reddere
668 891 764 946 vocas?

77 974 116 1018 445
131 965 240 1021 Talibus
250 967 361 1030 incusat,
372 981 548 1037 gressumque
557 964 591 1018 ad
601 965 706 1020 moenia
716 966 810 1023 tendit.

131 1043 165 1096 At
174 1041 264 1096 Venus
274 1040 384 1093 obscuro
394 1039 541 1111 gradientes
551 1040 609 1093 ae're
618 1040 708 1110 sepsit,

132 1123 156 1169 et
165 1113 249 1168 multo
259 1113 370 1168 nebulae
381 1117 481 1167 circum
491 1113 538 1167 dea
548 1112 616 1167 ludit
626 1115 734 1180 amictu,

132 1206 237 1244 cernere
246 1203 279 1242 ne
288 1188 349 1260 quis
359 1205 412 1252 cos,
425 1204 477 1241 neu
487 1188 549 1259 quis
558 1188 710 1261 contingere
719 1195 819 1260 posset,

132 1263 252 1318 molirive
261 1279 372 1327 moram,
385 1271 430 1316 aut
438 1262 561 1317 veniendi
569 1278 675 1332 poscere
684 1279 803 1318 caussas.

78 1345 117 1390 445
131 1340 191 1410 Ipsa
201 1337 320 1408 Paphum
330 1336 454 1391 sublimis
464 1336 526 1400 abit,
539 1336 667 1407 sedesque
677 1337 769 1391 revisit

133 1412 198 1467 laeta
207 1429 280 1477 suas,
291 1412 337 1466 ubi
348 1410 477 1482 templum
487 1410 535 1474 illi,
546 1418 707 1482 centumque
716 1411 814 1466 Sabaeo

132 1497 191 1542 ture
199 1486 284 1542 calent
292 1503 360 1551 arae,
371 1486 500 1556 sertisque
509 1485 656 1538 recentibus
665 1484 765 1540 balant.

172 1561 326 1631 Corripuere
335 1561 405 1614 viam
416 1560 521 1624 interea,
533 1577 587 1630 qna
597 1559 690 1614 semita
699 1566 835 1614 monstrat.

133 1636 241 1704 Iamque
251 1633 443 1688 adscendebant
451 1632 553 1698 collem,
566 1633 613 1705 qui
623 1632 757 1703 plurimus
767 1634 825 1690 urbi

79 1715 119 1761 445
134 1709 263 1772 imminet,
275 1708 451 1778 adversasque
462 1707 592 1778 adspectat
601 1708 715 1778 desuper
724 1726 806 1764 arces.

133 1782 243 1837 Miratur
254 1780 349 1835 molem
359 1780 469 1846 Aeneas,
482 1781 595 1854 magalia
608 1782 759 1854 quondam3

134 1855 245 1909 miratur
254 1861 351 1926 portas,
362 1856 564 1927 strepitumque,
576 1863 601 1909 et
610 1864 690 1910 strata
699 1857 814 1913 viarum.

133 1931 235 1983 Instant
243 1928 363 1984 ardentes
374 1930 463 2003 Tyrii:
483 1947 544 2000 pars
554 1930 649 1984 ducere
658 1948 760 1997 muros,
793 1994 800 2005 ‚

134 2003 275 2075 molirique
284 2020 379 2068 arcem,
395 2012 419 2058 et
428 2005 553 2059 manibus
562 2004 720 2060 subvolvere
730 2024 803 2071 saxo,

80 2084 120 2130 425
134 2095 195 2148 pars
205 2085 293 2149 optare
303 2077 388 2132 locum
399 2087 473 2144 tecto,
486 2086 511 2133 et
519 2078 673 2133 concludere
682 2079 771 2149 sulco3

135 2154 193 2206 iura
203 2153 425 2227 magistratusque
434 2153 534 2226 legunt,
546 2163 722 2226 sanctumque
731 2162 844 2211 seucum

135 2227 180 2281 hic
188 2236 279 2298 portus
289 2227 334 2282 alii
343 2228 482 2294 effodiunt3
503 2228 547 2281 hic
557 2227 608 2282 alta
616 2228 710 2282 theatri
837 2246 844 2325 1

134 2300 305 2357 fundamenta
314 2302 400 2357 locant
409 2301 463 2366 alii,
476 2302 658 2374 immanesque
666 2303 806 2360 columnae

135 2377 248 2447 rupibus
258 2377 391 2442 excidunt,
404 2376 490 2430 scenis
500 2376 592 2432 decora
601 2377 652 2431 alta
662 2376 776 2434 futuris:

81 2455 121 2501 455
136 2449 223 2522 qualis
232 2468 293 2521 apes
303 2458 397 2506 aestate
406 2468 474 2506 nova
482 2467 530 2522 per
538 2450 615 2506 florea
621 2469 688 2507 -rura

135 2531 236 2578 exercet
245 2525 297 2578 sub
305 2525 360 2579 sole
369 2525 452 2590 labor,
463 2542 548 2596 quum
558 2526 644 2599 gentis
654 2525 760 2582 adultos

136 2596 252 2653 educunt
260 2597 338 2663 fetus,
349 2608 395 2653 aut
404 2616 489 2672 quum
499 2598 628 2671 liquentia
637 2600 715 2656 mello

136 2672 243 2744 stipant,
255 2680 280 2727 et
288 2672 361 2728 dulci
370 2673 524 2729 distendunt
532 2681 636 2730 nectare
643 2674 732 2741 collas,

134 2755 182 2806 aut
192 2764 273 2807 onera
281 2747 413 2825 accipiunt
420 2750 584 2816 uenientum,
595 2757 641 2805 aut
650 2750 759 2825 agmine
767 2750 841 2809 nco·
