1846 3052
162 152 358 201 saracinos
377 153 446 200 nna.
465 155 511 200 xl.
631 151 681 206 375

91 270 105 308 n
117 252 168 308 leto
177 253 264 324 posuit
273 262 359 325 caput,
372 272 443 309 arma
454 253 621 327 relinquens3
725 269 763 312 ato

91 345 142 383 :um
151 329 251 401 gemitu
261 327 329 402 fugit
339 329 474 402 indignata
488 329 541 384 sub
550 330 671 387 umbras.

91 419 106 458 o
118 402 266 458 immensus
275 420 388 476 surgens
401 403 460 458 ferit
468 421 547 459 aurea
558 404 657 461 clamor
760 406 768 413 ”

91 477 184 533 deiecta
193 477 322 535 crudescit
331 496 421 552 pugna
435 478 559 548 Camilla;

93 551 279 608 tdensi.simul
288 554 376 608 omnia
385 553 459 624 copia
472 554 615 620 tenorem:

91 627 150 698 ique
159 627 249 693 duces,
260 627 431 699 Evandrique
439 628 553 683 Arcades
562 627 629 684 alae.
724 639 763 683 835

91 703 149 757 viae
156 709 245 756 custos
255 701 308 757 iam
319 700 422 756 dudum
432 702 459 756 in
469 703 605 758 montibus
613 702 680 777 Opis

91 776 229 840 tsummis,
241 784 391 848 spectatque
400 777 517 832 interrita
527 795 641 851 pugnas.

92 850 151 906 ocul
161 851 248 906 medio
260 851 388 907 iuvenum
397 851 425 906 in
434 851 548 907 clamore
557 851 693 910 furentum

91 926 176 980 ttristi
186 924 324 980 multatam
333 933 416 983 morte
425 925 580 983 Camillam:

91 1009 149 1072 tque
157 1000 283 1072 deditque
291 1001 340 1056 has
349 1001 403 1056 imo
413 1010 514 1074 pectore
523 1019 613 1058 voces:
723 1010 762 1056 stt

91 1075 155 1139 ium,
168 1075 252 1148 virgo,
264 1075 377 1131 nimium
388 1076 493 1131 crudele
502 1076 577 1130 luisti

91 1168 135 1214 tm,
147 1150 260 1204 Teucros
268 1158 359 1205 concta
370 1149 494 1205 lacessere
503 1149 583 1205 bello.

91 1224 201 1279 lesartae
210 1225 236 1279 in
248 1225 337 1279 dumis
346 1225 460 1279 coluisse
469 1226 579 1279 Dianam

91 1307 127 1353 rut
136 1306 237 1354 nostras
246 1299 358 1354 humero
366 1299 480 1373 gessisse
488 1299 632 1370 pharetras.

91 1391 119 1428 en
130 1373 278 1428 indecorem
287 1374 466 1447 tuateregina
476 1372 584 1446 reliquit
723 1380 762 1426 att

91 1449 141 1502 iam
152 1449 179 1503 in
190 1456 285 1518 morte;
297 1466 383 1521 neque
393 1449 441 1504 hoo
451 1447 509 1504 sino
519 1448 625 1504 nomine
633 1446 714 1504 letum

91 1524 180 1586 escrit,
192 1532 238 1578 aut
247 1523 346 1578 lamam
356 1523 462 1594 patieris
472 1521 580 1578 inultae.

91 1615 195 1669 cunque
204 1608 281 1653 tuum
291 1598 399 1654 violavit
408 1597 517 1654 vulnere
529 1615 633 1669 corpus,

91 1680 113 1727 et
122 1673 223 1727 merita.
251 1673 314 1728 Fuit
323 1672 418 1746 ingens
427 1679 515 1728 monte
523 1672 576 1728 sub
585 1671 638 1728 alto

91 1748 169 1802 cenni
179 1754 281 1802 terreno
292 1765 326 1802 ax
339 1765 433 1822 aggere
441 1748 551 1803 bustum
723 1757 762 1800 ata

91 1823 227 1887 taurentis,
239 1839 373 1896 opacaque
381 1822 441 1877 ilica
450 1829 561 1890 tectum3

91 1897 228 1968 eprimum
241 1897 332 1969 rapido
341 1896 517 1968 pulcherrima
527 1897 591 1952 nisu

91 1971 229 2026 Arruntem
239 1970 341 2026 tumulo
351 1970 613 2042 speculaturabalto.

91 2054 221 2100 ,notantem
231 2046 337 2109 animis,
351 2063 380 2100 ac
388 2063 457 2100 vana
468 2051 625 2100 tumentem:

91 2122 135 2182 nit,
147 2120 268 2176 diversus
287 2117 363 2183 abis?
382 2118 676 2193 Huedirigagressum3
722 2127 761 2172 855

91 2194 225 2259 tureveni,
245 2195 333 2266 capias
343 2199 372 2248 ut
383 2192 464 2266 digna
474 2191 599 2248 Camillae

121 2270 196 2324 Tunc
203 2269 282 2323 etiam
291 2267 350 2323 telis
361 2267 470 2322 moriere
478 2263 595 2322 Dianae?

91 2351 177 2399 aurata
188 2343 322 2399 volucrem
331 2342 454 2397 Threissa
463 2341 585 2415 sagittam

91 2420 106 2472 it
114 2419 243 2490 pharetra,
255 2434 389 2489 cornuque
398 2415 500 2472 infensa
509 2415 624 2480 tetendit,

91 2492 173 2565 longe.
185 2493 267 2548 donec
275 2490 382 2547 curvata
391 2490 489 2547 coirent
721 2499 761 2544 tto

93 2569 171 2639 opita,
182 2574 207 2622 et
217 2567 341 2622 manibus
350 2566 403 2620 ianr
411 2572 530 2640 tangeret
536 2564 638 2638 aequis,

91 2660 125 2698 em
136 2640 206 2708 ferri,
218 2640 308 2711 dextra
317 2657 451 2717 nervoque
459 2639 597 2718 papillam.
