1846 3052
821 54 832 89 t

148 137 201 196 ret
314 140 725 191 aerumnarumque

149 247 206 304 Tali
217 246 290 301 intus
300 242 398 314 tempio
407 242 501 298 divum
512 243 650 315 petrisque
658 242 771 299 Latinus

149 322 211 378 sede
218 319 312 375 sedens
326 320 439 373 Teucros
448 317 481 372 ed
490 317 585 372 sesain
594 324 660 371 tecta
671 318 790 388 recevit3

149 405 228 468 atque
237 395 301 448 baec
313 392 441 466 ingressis
450 391 553 463 placido
560 392 634 463 pricr
642 391 726 447 edidit
733 408 793 450 ere:

95 483 135 526 ¹95
148 471 238 535 Dicite,
251 467 422 532 Dardanidae,
433 465 605 538 (nequeenim
615 466 781 523 neecimuset
789 468 889 531 urben

149 552 278 617 otgerus,
289 541 426 612 auditique
437 539 571 596 advertitis
581 556 695 613 sequere
702 541 836 617 eurem)

149 617 216 690 quid
225 614 332 688 petitis?
350 632 419 687 quee
427 631 520 670 caussa
530 622 607 680 rates,
618 615 753 671 autarius
759 624 865 691 egenus

150 692 214 746 litus
227 691 260 745 ad
270 689 419 745 Ausonium
428 696 467 744 tot
476 689 597 760 pervade
605 689 710 745 mertile
720 690 813 748 vexit?

149 767 211 822 Sive
221 781 308 820 errore
316 765 384 829 viae,
395 780 444 818 seu
453 764 653 834 tempestatibus
661 764 712 819 aeti

95 851 134 894 20⁰
149 838 247 911 (qualia
257 837 340 892 multa
350 839 417 891 mari
428 845 522 892 nautae
531 838 670 908 patiuntur
678 838 707 893 iu
717 837 779 912 aito)

148 914 267 968 fluminis
277 913 393 967 intrastis
403 912 482 983 ripas,
494 920 626 985 portuque
636 913 748 970 sederis:

150 1005 183 1043 ne
194 987 276 1061 fugite
284 986 440 1058 hospitium,
453 1003 518 1041 neve
527 987 645 1058 ignorate
653 987 763 1043 Latinos

150 1062 256 1118 Saturni
265 1068 380 1135 gentem,
392 1059 466 1115 baud
475 1060 561 1115 vinclo
573 1077 623 1116 nee
631 1060 738 1135 legibus
748 1078 866 1137 murm,

150 1144 242 1209 sponte
254 1154 303 1191 sua
314 1135 462 1206 veterisque
470 1134 511 1189 dei
521 1152 551 1190 se
559 1152 632 1191 mere
640 1143 784 1193 mecumm-

94 1222 134 1266 205
148 1210 235 1283 Atque
247 1210 370 1283 equidem
384 1209 494 1264 memini
504 1209 583 1282 (fama
592 1210 780 1267 estebscuricr
786 1210 869 1285 mnia)

148 1285 288 1341 Auruncos
298 1285 332 1339 ite
342 1283 409 1339 ferre
417 1300 503 1349 senes,
513 1284 557 1339 his
565 1292 639 1340 ortus
647 1292 678 1340 ut
688 1286 762 1358 agris
836 1318 839 1323 -

148 1360 286 1416 Dardanus
295 1359 386 1414 ldaees
397 1358 529 1434 Phrygiae
536 1359 678 1431 penetrarit
689 1360 725 1416 ed
733 1359 824 1427 urbes,

148 1435 350 1508 Threiciamque
378 1433 503 1500 Samum,
530 1450 599 1507 quae
621 1450 695 1564 uque
717 1434 887 1493 Samotbrada

650 1516 731 1567 ertur.

148 1583 216 1637 Hinc
225 1581 302 1637 illum
312 1580 421 1656 Corythi
430 1581 566 1657 Tyrrhena
576 1583 610 1638 eb
618 1583 681 1639 sede
688 1583 836 1657 prciwtum

94 1668 134 1710 21⁰
149 1674 226 1712 aurea
237 1656 383 1711 nuncsciic
392 1656 521 1712 stellantis
532 1657 604 1730 regia
613 1657 679 1713 cccii

149 1730 249 1801 accipit,
262 1737 287 1785 et
297 1747 439 1785 numerum
449 1730 572 1786 divorum
584 1731 714 1788 alteribus
723 1731 809 1792 addit.

185 1805 303 1872 Dixerat;
325 1804 805 1865 etdietellioncussicvoceseeutus:

148 1879 214 1942 Rex,
225 1895 313 1952 genus
321 1878 457 1952 egregium
469 1879 565 1945 Fauni,
576 1898 625 1936 nec
633 1880 760 1938 fluetibus
768 1890 841 1940 actes

147 1959 203 2007 atra
212 1954 318 2028 subegit
327 1953 413 2008 hiems
422 1954 516 2008 vestris
526 1956 666 2011 succedere
673 1957 763 2023 terris,

93 2037 132 2080 215
147 2044 195 2082 nec
204 2028 279 2082 sidus
288 2028 394 2102 regione
402 2028 460 2084 viae
472 2027 568 2084 litusve
577 2028 682 2086 fefellit:

147 2102 258 2157 consilio
266 2102 335 2158 hanc
342 2120 435 2158 omncs
444 2103 595 2175 animisque
603 2103 756 2161 veientibus
764 2106 860 2163 urbem

148 2176 292 2244 efferimur,
303 2177 374 2249 pulsi
387 2178 486 2251 regnis,
497 2195 567 2250 quae
575 2179 693 2235 maxime
701 2181 842 2252 quondam

148 2257 265 2306 extremo
274 2252 384 2308 veniens
392 2251 436 2307 Sel
446 2252 606 2324 adspiciehat
614 2253 647 2310 01
695 2270 740 2326 pe.

147 2323 189 2378 Ab
199 2325 260 2380 Iove
268 2327 430 2398 principium
438 2328 556 2401 generis3
578 2271 769 2385 Ioveffidaua
781 2331 867 2402 pubes

93 2407 133 2452 22⁰
147 2397 244 2470 gaudet
254 2416 315 2468 av03
337 2419 384 2456 rex
394 2402 460 2473 ipse,
474 2402 544 2457 levis
554 2402 673 2477 degente
682 2420 822 2476 suprema,

149 2473 244 2528 Troius
252 2472 354 2529 Aeneas
366 2484 411 2530 tue
422 2493 469 2531 nos
479 2477 512 2532 ad
523 2477 616 2533 limina
628 2477 710 2532 misit

148 2545 250 2615 Quanta
261 2564 308 2621 per
317 2548 407 2606 Idaeos
416 2552 503 2606 saevis
512 2551 594 2607 effusa
600 2552 720 2627 Mycenis

143 2632 291 2704 tempestae
300 2627 362 2687 ierit
374 2642 496 2702 campet,
513 2627 815 2701 quiescentesque
