1846 3052
136 142 335 191 autumnos
355 132 425 191 niu.
444 146 477 190 11.
631 144 679 198 tta

92 258 134 315 [ue
141 250 237 314 parant
245 244 362 308 comites,
374 244 520 317 pelagoque
529 264 650 304 remensa

92 316 203 381 aderunt.
224 318 261 371 Ita
270 317 365 391 digerit
374 320 462 373 omina
472 319 591 376 Calchas.

94 390 200 453 alladic,
212 393 315 458 muniti,
326 410 374 464 pro
384 397 495 448 numine
504 393 582 460 laeso,

92 472 180 532 tuere,
194 464 266 521 nefas
275 484 343 538 quae
354 468 424 543 triste
432 469 524 538 piaret.
564 518 568 527 .

92 540 272 595 aimmensam
283 538 392 596 Calchas
401 534 515 611 attollere
524 543 620 599 molem
694 556 733 599 185

93 602 172 680 citis,
184 614 308 686 coeloque
316 615 425 671 educam
435 608 521 681 iussit,

92 689 158 754 trtie,
169 696 215 743 aut
224 688 285 743 duci
297 690 325 744 in
335 690 437 745 moenia
446 691 538 762 possit,

92 780 127 817 un
137 763 246 835 antiqua
255 764 306 818 suh
316 763 452 837 relligione
462 766 539 820 tueri.

93 844 145 892 stra
154 837 380 911 manuslviciasset
390 839 459 909 dona
468 840 619 906 Minervae„

93 900 679 987 imexitium(quoai‹1ipiiusoiiacninips'um
692 928 731 970 tau

93 984 114 1059 Ι)
130 986 228 1041 Priami
240 987 350 1059 imperio
362 989 566 1062 Phrygibusque
578 989 621 1045 iu·

423 1070 525 1118 turum.

93 1134 219 1190 lavastris
229 1135 672 1203 vestramadscendiesetinurbem,

93 1225 211 1283 nmagno
220 1208 329 1281 Pelopea
338 1209 373 1264 ad
381 1211 484 1279 moenia
493 1211 563 1266 bella

93 1290 118 1338 et
127 1283 328 1338 nestrcseafata
337 1301 443 1340 manere
451 1294 565 1356 nepotes.

93 1356 158 1412 idiis
167 1356 318 1431 periurique
327 1367 381 1413 ante
390 1359 496 1413 Sinonis
691 1371 729 1414 tta

102 1433 224 1503 captique
234 1432 301 1488 dolis
312 1433 480 1504 lacrimisque
489 1432 592 1499 coactis,

93 1506 231 1581 tTydides.
243 1525 290 1562 nec
299 1508 451 1562 Larissaeus
460 1506 585 1576 Achilles,

93 1598 195 1636 cmuere
205 1581 305 1646 decem,
317 1598 370 1636 non
381 1582 454 1637 milla
462 1583 574 1638 canuae.

93 1655 100 1711 Ι
110 1657 196 1711 maius
207 1657 310 1711 miseris
320 1656 456 1728 multoque
465 1658 631 1712 tremendum

93 1730 158 1805 agis,
175 1739 252 1802 atque
263 1731 409 1802 improvida
417 1739 519 1803 pectora
528 1732 625 1787 turbat.
688 1742 728 1784 acu

93 1813 166 1859 uetus
176 1806 298 1875 Neptuno
307 1813 374 1859 sorta
383 1806 511 1870 sacerdos,

93 1896 176 1934 iurum
189 1878 320 1952 ingentem
332 1880 460 1934 mactabat
469 1878 502 1934 ad
511 1897 579 1934 aras.

121 1953 202 2008 emiui
211 1971 226 2008 a
236 1954 342 2010 Tenedo
349 1953 489 2025 tranquilla
499 1971 546 2025 per
555 1954 605 2008 alta

93 1970 192 2102 timens)
204 2027 343 2083 immensis
351 2028 460 2082 orbibus
473 2045 573 2100 angues

99 2101 201 2177 pelago,
212 2103 361 2174 pariterque
370 2103 403 2157 ad
413 2102 486 2157 litora
497 2101 620 2168 tendunt;
688 2112 727 2155 205

93 2195 168 2241 num,
180 2177 247 2231 inter
256 2175 352 2231 fluctus
360 2185 467 2245 arrecta,
479 2176 609 2248 iubaeque

99 2259 258 2323 exsuperant
268 2251 362 2316 undas,
373 2269 435 2324 pars
444 2258 525 2305 cetera
536 2259 647 2321 pontum

94 2327 233 2399 sinuatque
243 2327 371 2380 immensa
382 2325 517 2381 volumine
526 2334 597 2398 terga
606 2344 611 2391 3

94 2409 234 2473 spumante
245 2399 306 2455 saio.
327 2402 435 2472 Iamque
446 2417 508 2454 arva
516 2404 646 2464 tenebant,

94 2475 201 2531 ecculos
211 2474 311 2530 suffecti
320 2476 450 2548 sanguine
459 2482 484 2528 et
493 2475 559 2547 igni,
602 2516 605 2523 .
685 2481 725 2524 tto

94 2551 169 2606 ebant
178 2551 277 2623 linguis
286 2549 452 2605 vibrantibus
460 2566 516 2605 cra.

100 2627 159 2683 visu
170 2642 330 2699 exsangues:
351 2624 391 2680 illi
400 2624 508 2701 agmine
516 2631 585 2678 centu

553 2719 571 2776 l
