1846 3052
130 173 180 228 252
299 180 330 225 P.
350 178 520 226 VIRGILII
537 178 712 226 ualtoms

130 288 188 334 tum
199 295 303 350 sperare
311 278 403 333 domos
413 278 541 345 defessus,
553 278 645 350 ibique
652 289 789 337 memento

131 354 217 425 prima
227 353 310 408 locare
319 356 401 407 manu
411 352 552 426 molirique
564 370 659 427 aggere
667 359 744 409 tecta.

131 425 422 495 Haeceratillaiames3
444 427 509 482 haec
519 445 567 483 nos
576 444 702 500 suprema
712 447 789 486 mane

131 502 219 557 exitiis
228 502 344 574 positura
354 501 475 556 modum.

78 587 117 632 teo
132 576 218 643 Quare
226 576 304 650 agite,
316 584 342 630 et
351 577 437 647 primo
447 575 507 630 laeti
517 593 579 630 cum
588 575 693 632 iumine
701 577 778 644 solis,

131 650 789 727 quaeloca,quivehabeanthominesmbimoeniay

131 725 302 799 vestigemus,
314 732 363 780 eta
376 733 452 796 portu
462 726 566 780 diversa
575 732 709 796 petamus.

131 801 209 855 Nunc
219 807 320 870 pateras
334 800 412 855 libate
421 800 486 865 iovi,
497 800 675 872 precibusque
684 809 778 858 vocate

131 874 263 930 Anchisen
274 875 428 948 genitorem,
440 881 465 930 et
474 876 535 930 vina
548 875 665 946 reponite
675 878 787 932 mensio.

78 959 117 1004 135
131 948 175 1005 Sic
183 948 279 1003 deinde
287 948 379 1003 effatus
389 948 520 1005 frondenti
529 955 647 1022 tempora
655 967 731 1005 ramo

132 1023 258 1095 implicat,
269 1030 294 1078 et
304 1023 474 1097 Geniumque
484 1024 541 1090 loci,
553 1025 723 1097 primamque
731 1024 789 1081 deor

132 1097 274 1165 Tellurem,
285 1097 486 1172 Nymphasque,
498 1106 523 1153 ct
532 1099 619 1153 adhuc
629 1100 718 1172 ignota
730 1117 789 1172 pree

131 1171 255 1242 flumina3
277 1179 335 1228 tum
348 1174 465 1239 Noctem,
478 1175 620 1245 Noctisque
628 1173 740 1230 orientia
749 1177 789 1232 sie

132 1247 293 1322 idaeumque
304 1249 401 1314 Iovem,
415 1248 612 1322 Phrygiamque
621 1266 654 1302 ex
660 1231 789 1306 ordinehh

77 1329 117 1375 rto
132 1322 248 1391 invooat;
270 1329 295 1378 et
304 1321 422 1394 duplices
431 1323 555 1395 coeloque
564 1323 704 1395 Ereboque
716 1341 789 1396 parer

131 1397 179 1451 Hie
189 1404 261 1468 pater
272 1398 437 1468 omnipotens
446 1405 485 1453 ter
493 1397 564 1453 coeio
573 1396 659 1452 ciarus
671 1398 705 1454 ab
714 1397 769 1455 alto

131 1472 255 1537 intonuit,
269 1471 404 1544 radiisque
412 1472 545 1528 ardentem
556 1471 623 1526 lucis
632 1479 657 1526 et
667 1490 733 1528 auro

132 1547 189 1616 ipse
198 1563 280 1601 manu
290 1547 411 1618 quatiens
421 1546 534 1602 ostendit
543 1547 576 1602 ab
587 1547 690 1602 aethere
698 1549 789 1604 nuben

131 1620 235 1676 Diditur
243 1620 287 1675 hic
296 1620 384 1676 subito
394 1623 505 1677 Troiana
514 1638 562 1694 per
571 1622 678 1695 agmina
687 1640 789 1691 rumor,

78 1700 116 1746 145
130 1694 268 1750 advenisse
277 1693 357 1760 diem,
371 1713 425 1769 quo
434 1696 520 1751 debita
530 1696 632 1751 moenia
640 1696 767 1753 condant.

132 1769 255 1824 Certatim
265 1768 412 1825 instaurant
422 1771 523 1842 epulas,
538 1779 616 1844 atque
624 1772 714 1827 omine
722 1789 789 1848 magr

131 1851 242 1898 crateras
253 1842 312 1899 laeti
321 1843 449 1912 statuunt,
460 1852 485 1900 et
495 1846 557 1902 vina
565 1853 699 1900 coronant.

168 1919 273 1973 Postera
283 1935 368 1992 quum
377 1920 464 1992 prima
474 1919 600 1976 lustrabat
609 1919 731 1993 lampade
742 1931 789 1978 ten

132 1999 187 2048 orta
198 1992 268 2060 dies,
289 1994 393 2061 urbem,
406 2001 431 2049 et
442 1995 520 2060 fines,
528 2003 553 2050 et
563 1994 637 2050 litora
648 1996 738 2069 gentis

77 2077 117 2120 150
131 2066 229 2122 diversi
239 2067 388 2140 explorant3
410 2069 474 2126 haee
483 2069 561 2125 fontis
570 2077 663 2144 stagna
671 2071 789 2136 Numici,

133 2141 206 2197 hunc
215 2142 345 2217 Thybrim
356 2143 477 2209 fluvium,
491 2145 534 2200 hie
543 2144 622 2200 fortes
631 2144 753 2201 habitare
762 2147 789 2203 Lt

132 2216 201 2272 Tum
211 2224 285 2273 satus
294 2218 408 2274 Anchisa
418 2219 529 2275 delectos
537 2220 630 2275 ordine
639 2220 673 2275 ab
683 2222 759 2277 omni

131 2297 237 2346 centum
247 2300 360 2349 oratores
370 2302 482 2368 augusta
492 2294 524 2348 ad
537 2295 639 2350 moenia
649 2295 719 2368 regis

132 2365 171 2420 ire
180 2365 261 2431 iubet,
274 2368 355 2423 ramis
364 2368 462 2424 velatos
472 2367 586 2424 Palladis
594 2386 701 2438 omnes,

78 2450 116 2493 ¹55
131 2439 253 2513 donaque
262 2439 329 2496 ferre
338 2442 403 2508 viro,
414 2461 559 2515 pacemque
567 2460 706 2516 exposcere
716 2444 789 2500 Teuc

131 2513 208 2569 Haud
217 2532 304 2570 mora:
325 2514 448 2572 festinant
459 2517 536 2584 iussi,
549 2518 702 2591 rapidisque
711 2517 789 2575 ferun

131 2589 263 2660 passibus.
293 2590 351 2662 Ipse
360 2591 455 2647 humili
466 2592 587 2667 designat
597 2594 700 2648 moenia
710 2592 789 2659 fossa,

133 2663 293 2739 moliturque
302 2664 404 2738 locum,
425 2667 579 2742 primasque
589 2669 617 2725 in
628 2668 703 2726 litore
711 2668 789 2726 sedere
