<?xml version="1.0" encoding="UTF-8"?>
<!DOCTYPE html PUBLIC "-//W3C//DTD XHTML 1.0 Transitional//EN"
    "http://www.w3.org/TR/xhtml1/DTD/xhtml1-transitional.dtd">
<html xmlns="http://www.w3.org/1999/xhtml" xml:lang="en" lang="en">
 <head>
  <title>
</title>
<meta http-equiv="Content-Type" content="text/html;charset=utf-8" />
  <meta name='ocr-system' content='tesseract 3.04.00' />
  <meta name='ocr-capabilities' content='ocr_page ocr_carea ocr_par ocr_line ocrx_word'/>
</head>
<body>
  <div class='ocr_page' id='page_1' title='image "./publivergilimar00virggoog/publivergilimar00virggoog_0231.png"; bbox 0 0 1846 3052; ppageno 0'>
   <div class='ocr_carea' id='block_1_1' title="bbox 186 148 765 327">
    <p class='ocr_par' dir='ltr' id='par_1_1' title="bbox 186 148 765 327">
     <span class='ocr_line' id='line_1_1' title="bbox 186 148 765 206; baseline -0.019 0"><span class='ocrx_word' id='word_1_1' title='bbox 186 151 236 206; x_wconf 65' lang='grc' dir='ltr'><strong>Μ</strong></span> <span class='ocrx_word' id='word_1_2' title='bbox 353 155 381 200; x_wconf 90' lang='lat' dir='ltr'><strong>P.</strong></span> <span class='ocrx_word' id='word_1_3' title='bbox 401 149 572 201; x_wconf 82' lang='lat' dir='ltr'>VIRGILII</span> <span class='ocrx_word' id='word_1_4' title='bbox 588 148 765 196; x_wconf 72' lang='lat' dir='ltr'>MARONIS</span> 
     </span>
     <span class='ocr_line' id='line_1_2' title="bbox 186 249 736 327; baseline -0.011 -17"><span class='ocrx_word' id='word_1_5' title='bbox 186 255 221 310; x_wconf 79' lang='lat' dir='ltr'><strong>ht</strong></span> <span class='ocrx_word' id='word_1_6' title='bbox 231 253 323 327; x_wconf 88' lang='lat' dir='ltr'><strong>procul</strong></span> <span class='ocrx_word' id='word_1_7' title='bbox 333 253 426 309; x_wconf 87' lang='lat' dir='ltr'><strong>insola</strong></span> <span class='ocrx_word' id='word_1_8' title='bbox 436 258 547 308; x_wconf 81' lang='lat' dir='ltr'><strong>secretae</strong></span> <span class='ocrx_word' id='word_1_9' title='bbox 556 249 669 306; x_wconf 81' lang='lat' dir='ltr'>Troades</span> <span class='ocrx_word' id='word_1_10' title='bbox 679 256 736 305; x_wconf 84' lang='lat' dir='ltr'><strong>aeta</strong></span> 
     </span>
    </p>
   </div>
   <div class='ocr_carea' id='block_1_2' title="bbox 132 324 922 2713">
    <p class='ocr_par' dir='ltr' id='par_1_2' title="bbox 132 324 922 2713">
     <span class='ocr_line' id='line_1_3' title="bbox 187 324 922 398; baseline -0.003 -13"><span class='ocrx_word' id='word_1_11' title='bbox 187 329 317 385; x_wconf 91' lang='lat' dir='ltr'><strong>amissum</strong></span> <span class='ocrx_word' id='word_1_12' title='bbox 328 329 462 383; x_wconf 77' lang='lat' dir='ltr'><strong>Anchisen</strong></span> <span class='ocrx_word' id='word_1_13' title='bbox 476 325 582 392; x_wconf 82' lang='lat' dir='ltr'><strong>flebant,</strong></span> <span class='ocrx_word' id='word_1_14' title='bbox 597 324 922 398; x_wconf 68' lang='lat' dir='ltr'><strong>eundaequeprofunduu</strong></span> 
     </span>
     <span class='ocr_line' id='line_1_4' title="bbox 132 400 922 478; baseline -0.006 -17"><span class='ocrx_word' id='word_1_15' title='bbox 132 418 172 461; x_wconf 85' lang='grc'><strong>666</strong></span> <span class='ocrx_word' id='word_1_16' title='bbox 185 411 297 478; x_wconf 87' lang='lat' dir='ltr'><strong>pontum</strong></span> <span class='ocrx_word' id='word_1_17' title='bbox 308 403 494 475; x_wconf 86' lang='lat' dir='ltr'><strong>adspectabant</strong></span> <span class='ocrx_word' id='word_1_18' title='bbox 501 400 603 456; x_wconf 84' lang='lat' dir='ltr'><strong>flentes.</strong></span> <span class='ocrx_word' id='word_1_19' title='bbox 628 400 701 456; x_wconf 85' lang='lat' dir='ltr'><strong>Heul</strong></span> <span class='ocrx_word' id='word_1_20' title='bbox 720 400 922 468; x_wconf 65' lang='lat' dir='ltr'><strong>tetradafeesia</strong></span> 
     </span>
     <span class='ocr_line' id='line_1_5' title="bbox 186 474 866 550; baseline -0.001 -16"><span class='ocrx_word' id='word_1_21' title='bbox 186 488 212 534; x_wconf 92' lang='lat' dir='ltr'><strong>et</strong></span> <span class='ocrx_word' id='word_1_22' title='bbox 221 486 323 534; x_wconf 87' lang='lat' dir='ltr'><strong>tantum</strong></span> <span class='ocrx_word' id='word_1_23' title='bbox 335 494 473 550; x_wconf 80' lang='lat' dir='ltr'>superesse</span> <span class='ocrx_word' id='word_1_24' title='bbox 483 477 579 532; x_wconf 79' lang='lat' dir='ltr'><strong>marial</strong></span> <span class='ocrx_word' id='word_1_25' title='bbox 599 474 792 532; x_wconf 83' lang='lat' dir='ltr'><strong>voxomnihus</strong></span> <span class='ocrx_word' id='word_1_26' title='bbox 800 492 866 533; x_wconf 84' lang='lat' dir='ltr'><strong>una.</strong></span> 
     </span>
     <span class='ocr_line' id='line_1_6' title="bbox 187 548 853 624; baseline -0.002 -15"><span class='ocrx_word' id='word_1_27' title='bbox 187 554 285 610; x_wconf 89' lang='lat' dir='ltr'><strong>Urbem</strong></span> <span class='ocrx_word' id='word_1_28' title='bbox 294 561 383 622; x_wconf 73' lang='lat' dir='ltr'><strong>orant,</strong></span> <span class='ocrx_word' id='word_1_29' title='bbox 405 553 490 607; x_wconf 87' lang='lat' dir='ltr'><strong>taedet</strong></span> <span class='ocrx_word' id='word_1_30' title='bbox 497 550 585 624; x_wconf 79' lang='lat' dir='ltr'><strong>pelagi</strong></span> <span class='ocrx_word' id='word_1_31' title='bbox 596 548 711 622; x_wconf 84' lang='lat' dir='ltr'><strong>perferre</strong></span> <span class='ocrx_word' id='word_1_32' title='bbox 719 549 853 608; x_wconf 86' lang='lat' dir='ltr'><strong>laborem.</strong></span> 
     </span>
     <span class='ocr_line' id='line_1_7' title="bbox 186 625 823 702; baseline -0.003 -18"><span class='ocrx_word' id='word_1_33' title='bbox 186 630 256 702; x_wconf 85' lang='lat' dir='ltr'><strong>Ergo</strong></span> <span class='ocrx_word' id='word_1_34' title='bbox 267 629 336 684; x_wconf 88' lang='lat' dir='ltr'><strong>inter</strong></span> <span class='ocrx_word' id='word_1_35' title='bbox 345 627 445 683; x_wconf 92' lang='lat' dir='ltr'><strong>medias</strong></span> <span class='ocrx_word' id='word_1_36' title='bbox 455 643 513 682; x_wconf 87' lang='lat' dir='ltr'><strong>sese</strong></span> <span class='ocrx_word' id='word_1_37' title='bbox 521 625 595 681; x_wconf 91' lang='lat' dir='ltr'><strong>haud</strong></span> <span class='ocrx_word' id='word_1_38' title='bbox 604 625 698 699; x_wconf 79' lang='lat' dir='ltr'><strong>ignara</strong></span> <span class='ocrx_word' id='word_1_39' title='bbox 707 626 823 682; x_wconf 85' lang='lat' dir='ltr'><strong>nocendi</strong></span> 
     </span>
     <span class='ocr_line' id='line_1_8' title="bbox 187 701 857 775; baseline -0.001 -17"><span class='ocrx_word' id='word_1_40' title='bbox 187 704 301 769; x_wconf 86' lang='lat' dir='ltr'><strong>coniicit,</strong></span> <span class='ocrx_word' id='word_1_41' title='bbox 313 711 338 758; x_wconf 90' lang='lat' dir='ltr'><strong>et</strong></span> <span class='ocrx_word' id='word_1_42' title='bbox 346 703 493 775; x_wconf 81' lang='lat' dir='ltr'><strong>faciemque</strong></span> <span class='ocrx_word' id='word_1_43' title='bbox 502 701 566 757; x_wconf 89' lang='lat' dir='ltr'><strong>deae</strong></span> <span class='ocrx_word' id='word_1_44' title='bbox 573 707 728 772; x_wconf 79' lang='lat' dir='ltr'><strong>vestemque</strong></span> <span class='ocrx_word' id='word_1_45' title='bbox 736 703 857 773; x_wconf 82' lang='lat' dir='ltr'><strong>reponit3</strong></span> 
     </span>
     <span class='ocr_line' id='line_1_9' title="bbox 133 775 805 849; baseline -0.006 -15"><span class='ocrx_word' id='word_1_46' title='bbox 133 791 173 834; x_wconf 78' lang='lat' dir='ltr'><strong>oto</strong></span> <span class='ocrx_word' id='word_1_47' title='bbox 187 779 217 833; x_wconf 88' lang='lat' dir='ltr'><strong>iit</strong></span> <span class='ocrx_word' id='word_1_48' title='bbox 225 779 314 843; x_wconf 73' lang='lat' dir='ltr'><strong>Beroe,</strong></span> <span class='ocrx_word' id='word_1_49' title='bbox 325 779 425 832; x_wconf 80' lang='lat' dir='ltr'><strong>Tmarii</strong></span> <span class='ocrx_word' id='word_1_50' title='bbox 433 778 531 832; x_wconf 88' lang='lat' dir='ltr'><strong>coniux</strong></span> <span class='ocrx_word' id='word_1_51' title='bbox 541 775 669 849; x_wconf 84' lang='lat' dir='ltr'><strong>longaeva</strong></span> <span class='ocrx_word' id='word_1_52' title='bbox 681 775 805 849; x_wconf 79' lang='lat' dir='ltr'><strong>Dorycli3</strong></span> 
     </span>
     <span class='ocr_line' id='line_1_10' title="bbox 187 850 889 926; baseline 0 -19"><span class='ocrx_word' id='word_1_53' title='bbox 187 854 230 908; x_wconf 90' lang='lat' dir='ltr'><strong>cui</strong></span> <span class='ocrx_word' id='word_1_54' title='bbox 238 870 333 926; x_wconf 80' lang='lat' dir='ltr'><strong>genus,</strong></span> <span class='ocrx_word' id='word_1_55' title='bbox 344 860 370 907; x_wconf 91' lang='lat' dir='ltr'><strong>et</strong></span> <span class='ocrx_word' id='word_1_56' title='bbox 378 852 513 924; x_wconf 89' lang='lat' dir='ltr'><strong>quondam</strong></span> <span class='ocrx_word' id='word_1_57' title='bbox 523 868 630 915; x_wconf 88' lang='lat' dir='ltr'><strong>nomen,</strong></span> <span class='ocrx_word' id='word_1_58' title='bbox 642 851 754 922; x_wconf 90' lang='lat' dir='ltr'><strong>natique</strong></span> <span class='ocrx_word' id='word_1_59' title='bbox 763 850 889 922; x_wconf 81' lang='lat' dir='ltr'><strong>fuissent3</strong></span> 
     </span>
     <span class='ocr_line' id='line_1_11' title="bbox 187 925 866 984; baseline -0.001 -1"><span class='ocrx_word' id='word_1_60' title='bbox 187 947 218 984; x_wconf 89' lang='lat' dir='ltr'><strong>ac</strong></span> <span class='ocrx_word' id='word_1_61' title='bbox 227 928 266 982; x_wconf 90' lang='lat' dir='ltr'><strong>sio</strong></span> <span class='ocrx_word' id='word_1_62' title='bbox 271 927 452 982; x_wconf 89' lang='lat' dir='ltr'><strong>Dardanidum</strong></span> <span class='ocrx_word' id='word_1_63' title='bbox 463 926 579 982; x_wconf 89' lang='lat' dir='ltr'><strong>mediam</strong></span> <span class='ocrx_word' id='word_1_64' title='bbox 589 943 617 981; x_wconf 89' lang='lat' dir='ltr'><strong>se</strong></span> <span class='ocrx_word' id='word_1_65' title='bbox 626 925 760 980; x_wconf 85' lang='lat' dir='ltr'><strong>matribus</strong></span> <span class='ocrx_word' id='word_1_66' title='bbox 770 926 866 982; x_wconf 87' lang='lat' dir='ltr'><strong>infert:</strong></span> 
     </span>
     <span class='ocr_line' id='line_1_12' title="bbox 188 999 909 1074; baseline 0 -16"><span class='ocrx_word' id='word_1_67' title='bbox 188 1002 340 1067; x_wconf 89' lang='lat' dir='ltr'><strong>Omiserae,</strong></span> <span class='ocrx_word' id='word_1_68' title='bbox 352 1019 420 1074; x_wconf 90' lang='lat' dir='ltr'><strong>quas</strong></span> <span class='ocrx_word' id='word_1_69' title='bbox 429 1019 482 1057; x_wconf 89' lang='lat' dir='ltr'><strong>non</strong></span> <span class='ocrx_word' id='word_1_70' title='bbox 491 1019 598 1066; x_wconf 90' lang='lat' dir='ltr'><strong>manus,</strong></span> <span class='ocrx_word' id='word_1_71' title='bbox 609 1000 707 1072; x_wconf 82' lang='lat' dir='ltr'><strong>inquit,</strong></span> <span class='ocrx_word' id='word_1_72' title='bbox 718 999 838 1058; x_wconf 81' lang='lat' dir='ltr'><strong>Achaica</strong></span> <span class='ocrx_word' id='word_1_73' title='bbox 847 1000 909 1058; x_wconf 83' lang='lat' dir='ltr'><strong>helio</strong></span> 
     </span>
     <span class='ocr_line' id='line_1_13' title="bbox 187 1075 881 1152; baseline -0.001 -19"><span class='ocrx_word' id='word_1_74' title='bbox 187 1078 296 1133; x_wconf 78' lang='lat' dir='ltr'><strong>traxerit</strong></span> <span class='ocrx_word' id='word_1_75' title='bbox 305 1076 337 1131; x_wconf 91' lang='lat' dir='ltr'><strong>ad</strong></span> <span class='ocrx_word' id='word_1_76' title='bbox 347 1076 430 1132; x_wconf 86' lang='lat' dir='ltr'><strong>letum</strong></span> <span class='ocrx_word' id='word_1_77' title='bbox 439 1077 538 1148; x_wconf 78' lang='lat' dir='ltr'><strong>patriae</strong></span> <span class='ocrx_word' id='word_1_78' title='bbox 547 1076 598 1131; x_wconf 90' lang='lat' dir='ltr'><strong>suh</strong></span> <span class='ocrx_word' id='word_1_79' title='bbox 608 1075 767 1131; x_wconf 76' lang='lat' dir='ltr'><strong>moenibus!</strong></span> <span class='ocrx_word' id='word_1_80' title='bbox 787 1094 881 1152; x_wconf 78' lang='lat' dir='ltr'><strong>egens</strong></span> 
     </span>
     <span class='ocr_line' id='line_1_14' title="bbox 133 1148 738 1219; baseline -0.005 -11"><span class='ocrx_word' id='word_1_81' title='bbox 133 1165 172 1208; x_wconf 72' lang='lat'><strong>025</strong></span> <span class='ocrx_word' id='word_1_82' title='bbox 186 1152 289 1219; x_wconf 85' lang='lat' dir='ltr'><strong>infelix,</strong></span> <span class='ocrx_word' id='word_1_83' title='bbox 301 1152 345 1207; x_wconf 89' lang='lat' dir='ltr'><strong>cui</strong></span> <span class='ocrx_word' id='word_1_84' title='bbox 354 1162 380 1206; x_wconf 87' lang='lat' dir='ltr'><strong>te</strong></span> <span class='ocrx_word' id='word_1_85' title='bbox 389 1152 469 1207; x_wconf 88' lang='lat' dir='ltr'><strong>exitio</strong></span> <span class='ocrx_word' id='word_1_86' title='bbox 477 1152 594 1206; x_wconf 86' lang='lat' dir='ltr'><strong>Fortuna</strong></span> <span class='ocrx_word' id='word_1_87' title='bbox 603 1148 738 1206; x_wconf 73' lang='lat' dir='ltr'><strong>reservat?</strong></span> 
     </span>
     <span class='ocr_line' id='line_1_15' title="bbox 188 1226 901 1300; baseline -0.001 -17"><span class='ocrx_word' id='word_1_88' title='bbox 188 1228 304 1300; x_wconf 90' lang='lat' dir='ltr'><strong>Septima</strong></span> <span class='ocrx_word' id='word_1_89' title='bbox 313 1235 372 1298; x_wconf 88' lang='lat' dir='ltr'><strong>post</strong></span> <span class='ocrx_word' id='word_1_90' title='bbox 380 1228 471 1281; x_wconf 90' lang='lat' dir='ltr'><strong>Troiae</strong></span> <span class='ocrx_word' id='word_1_91' title='bbox 481 1226 615 1281; x_wconf 86' lang='lat' dir='ltr'><strong>excidium</strong></span> <span class='ocrx_word' id='word_1_92' title='bbox 624 1226 679 1281; x_wconf 89' lang='lat' dir='ltr'><strong>iarn</strong></span> <span class='ocrx_word' id='word_1_93' title='bbox 686 1226 804 1283; x_wconf 80' lang='lat' dir='ltr'><strong>vertitur</strong></span> <span class='ocrx_word' id='word_1_94' title='bbox 811 1234 901 1290; x_wconf 83' lang='lat' dir='ltr'><strong>aestas,</strong></span> 
     </span>
     <span class='ocr_line' id='line_1_16' title="bbox 187 1300 917 1376; baseline 0 -19"><span class='ocrx_word' id='word_1_95' title='bbox 187 1321 273 1376; x_wconf 93' lang='lat' dir='ltr'><strong>quum</strong></span> <span class='ocrx_word' id='word_1_96' title='bbox 284 1301 358 1367; x_wconf 86' lang='lat' dir='ltr'><strong>freta,</strong></span> <span class='ocrx_word' id='word_1_97' title='bbox 369 1319 456 1374; x_wconf 92' lang='lat' dir='ltr'><strong>quum</strong></span> <span class='ocrx_word' id='word_1_98' title='bbox 466 1310 547 1356; x_wconf 88' lang='lat' dir='ltr'><strong>terras</strong></span> <span class='ocrx_word' id='word_1_99' title='bbox 556 1318 658 1366; x_wconf 88' lang='lat' dir='ltr'><strong>omnes,</strong></span> <span class='ocrx_word' id='word_1_100' title='bbox 667 1308 707 1356; x_wconf 87' lang='lat' dir='ltr'><strong>tot</strong></span> <span class='ocrx_word' id='word_1_101' title='bbox 715 1300 917 1375; x_wconf 69' lang='lat' dir='ltr'><strong>inhospitum</strong></span> 
     </span>
     <span class='ocr_line' id='line_1_17' title="bbox 188 1375 918 1451; baseline 0.001 -19"><span class='ocrx_word' id='word_1_102' title='bbox 188 1378 327 1450; x_wconf 87' lang='lat' dir='ltr'><strong>sideraque</strong></span> <span class='ocrx_word' id='word_1_103' title='bbox 335 1394 456 1432; x_wconf 89' lang='lat' dir='ltr'><strong>emensae</strong></span> <span class='ocrx_word' id='word_1_104' title='bbox 465 1375 660 1444; x_wconf 88' lang='lat' dir='ltr'><strong>ferimur;dum</strong></span> <span class='ocrx_word' id='word_1_105' title='bbox 669 1393 918 1451; x_wconf 81' lang='lat' dir='ltr'><strong>permaremagnun</strong></span> 
     </span>
     <span class='ocr_line' id='line_1_18' title="bbox 187 1450 883 1524; baseline -0.003 -17"><span class='ocrx_word' id='word_1_106' title='bbox 187 1451 290 1507; x_wconf 87' lang='lat' dir='ltr'><strong>ltaliam</strong></span> <span class='ocrx_word' id='word_1_107' title='bbox 300 1453 438 1522; x_wconf 89' lang='lat' dir='ltr'><strong>sequimur</strong></span> <span class='ocrx_word' id='word_1_108' title='bbox 447 1450 601 1524; x_wconf 80' lang='lat' dir='ltr'><strong>fugientem,</strong></span> <span class='ocrx_word' id='word_1_109' title='bbox 612 1458 639 1506; x_wconf 90' lang='lat' dir='ltr'><strong>et</strong></span> <span class='ocrx_word' id='word_1_110' title='bbox 647 1450 788 1506; x_wconf 86' lang='lat' dir='ltr'><strong>volvimur</strong></span> <span class='ocrx_word' id='word_1_111' title='bbox 795 1452 883 1507; x_wconf 67' lang='lat' dir='ltr'><strong>unde,</strong></span> 
     </span>
     <span class='ocr_line' id='line_1_19' title="bbox 135 1525 869 1600; baseline -0.001 -18"><span class='ocrx_word' id='word_1_112' title='bbox 135 1539 174 1582; x_wconf 75' lang='lat' dir='ltr'><strong>oto</strong></span> <span class='ocrx_word' id='word_1_113' title='bbox 188 1528 236 1581; x_wconf 82' lang='lat' dir='ltr'><strong>liic</strong></span> <span class='ocrx_word' id='word_1_114' title='bbox 245 1527 339 1600; x_wconf 83' lang='lat' dir='ltr'><strong>Erycis</strong></span> <span class='ocrx_word' id='word_1_115' title='bbox 348 1527 415 1581; x_wconf 82' lang='lat' dir='ltr'><strong>fines</strong></span> <span class='ocrx_word' id='word_1_116' title='bbox 424 1525 540 1590; x_wconf 86' lang='lat' dir='ltr'><strong>fraterni,</strong></span> <span class='ocrx_word' id='word_1_117' title='bbox 552 1532 632 1597; x_wconf 89' lang='lat' dir='ltr'><strong>atque</strong></span> <span class='ocrx_word' id='word_1_118' title='bbox 642 1525 741 1596; x_wconf 83' lang='lat' dir='ltr'><strong>hospes</strong></span> <span class='ocrx_word' id='word_1_119' title='bbox 752 1526 869 1583; x_wconf 81' lang='lat' dir='ltr'><strong>Acestes.</strong></span> 
     </span>
     <span class='ocr_line' id='line_1_20' title="bbox 189 1597 917 1670; baseline 0.003 -15"><span class='ocrx_word' id='word_1_120' title='bbox 189 1601 260 1668; x_wconf 87' lang='lat' dir='ltr'><strong>Quid</strong></span> <span class='ocrx_word' id='word_1_121' title='bbox 268 1600 390 1670; x_wconf 88' lang='lat' dir='ltr'><strong>prohibet</strong></span> <span class='ocrx_word' id='word_1_122' title='bbox 399 1618 491 1655; x_wconf 89' lang='lat' dir='ltr'><strong>muros</strong></span> <span class='ocrx_word' id='word_1_123' title='bbox 500 1601 592 1666; x_wconf 88' lang='lat' dir='ltr'><strong>iacere,</strong></span> <span class='ocrx_word' id='word_1_124' title='bbox 601 1607 627 1655; x_wconf 86' lang='lat' dir='ltr'><strong>et</strong></span> <span class='ocrx_word' id='word_1_125' title='bbox 635 1600 816 1656; x_wconf 78' lang='lat' dir='ltr'><strong>dareciuihus</strong></span> <span class='ocrx_word' id='word_1_126' title='bbox 825 1597 917 1657; x_wconf 72' lang='lat' dir='ltr'><strong>urtmt</strong></span> 
     </span>
     <span class='ocr_line' id='line_1_21' title="bbox 189 1674 881 1747; baseline 0.003 -17"><span class='ocrx_word' id='word_1_127' title='bbox 189 1678 212 1730; x_wconf 84' lang='grc' dir='ltr'>Ο</span> <span class='ocrx_word' id='word_1_128' title='bbox 221 1676 314 1746; x_wconf 89' lang='lat' dir='ltr'><strong>patria,</strong></span> <span class='ocrx_word' id='word_1_129' title='bbox 326 1681 351 1728; x_wconf 91' lang='lat' dir='ltr'><strong>et</strong></span> <span class='ocrx_word' id='word_1_130' title='bbox 359 1676 427 1744; x_wconf 87' lang='lat' dir='ltr'><strong>rapti</strong></span> <span class='ocrx_word' id='word_1_131' title='bbox 436 1676 620 1747; x_wconf 76' lang='lat' dir='ltr'><strong>nequidquam</strong></span> <span class='ocrx_word' id='word_1_132' title='bbox 631 1692 665 1730; x_wconf 86' lang='lat' dir='ltr'><strong>ex</strong></span> <span class='ocrx_word' id='word_1_133' title='bbox 674 1674 752 1730; x_wconf 84' lang='lat' dir='ltr'><strong>hoste</strong></span> <span class='ocrx_word' id='word_1_134' title='bbox 761 1678 881 1744; x_wconf 85' lang='lat' dir='ltr'><strong>Penates;</strong></span> 
     </span>
     <span class='ocr_line' id='line_1_22' title="bbox 189 1748 876 1823; baseline 0.003 -18"><span class='ocrx_word' id='word_1_135' title='bbox 189 1749 297 1805; x_wconf 86' lang='lat' dir='ltr'><strong>nullane</strong></span> <span class='ocrx_word' id='word_1_136' title='bbox 306 1749 359 1802; x_wconf 90' lang='lat' dir='ltr'><strong>iam</strong></span> <span class='ocrx_word' id='word_1_137' title='bbox 369 1750 461 1804; x_wconf 89' lang='lat' dir='ltr'><strong>Troiae</strong></span> <span class='ocrx_word' id='word_1_138' title='bbox 470 1750 590 1806; x_wconf 87' lang='lat' dir='ltr'><strong>dicentur</strong></span> <span class='ocrx_word' id='word_1_139' title='bbox 599 1748 721 1804; x_wconf 79' lang='lat' dir='ltr'><strong>moenia?</strong></span> <span class='ocrx_word' id='word_1_140' title='bbox 740 1768 876 1823; x_wconf 85' lang='lat' dir='ltr'><strong>nusquam</strong></span> 
     </span>
     <span class='ocr_line' id='line_1_23' title="bbox 188 1824 893 1891; baseline -0.001 -12"><span class='ocrx_word' id='word_1_141' title='bbox 188 1826 325 1879; x_wconf 88' lang='lat' dir='ltr'><strong>Hectoreos</strong></span> <span class='ocrx_word' id='word_1_142' title='bbox 334 1840 434 1888; x_wconf 90' lang='lat' dir='ltr'><strong>amnes,</strong></span> <span class='ocrx_word' id='word_1_143' title='bbox 446 1825 585 1879; x_wconf 90' lang='lat' dir='ltr'><strong>Xanthum</strong></span> <span class='ocrx_word' id='word_1_144' title='bbox 594 1832 620 1880; x_wconf 89' lang='lat' dir='ltr'><strong>et</strong></span> <span class='ocrx_word' id='word_1_145' title='bbox 629 1824 775 1891; x_wconf 74' lang='lat' dir='ltr'><strong>Simoenta,</strong></span> <span class='ocrx_word' id='word_1_146' title='bbox 786 1824 893 1882; x_wconf 82' lang='lat' dir='ltr'><strong>videhoi</strong></span> 
     </span>
     <span class='ocr_line' id='line_1_24' title="bbox 136 1898 870 1973; baseline 0.001 -19"><span class='ocrx_word' id='word_1_147' title='bbox 136 1912 174 1954; x_wconf 81' lang='grc'><strong>636</strong></span> <span class='ocrx_word' id='word_1_148' title='bbox 189 1899 260 1966; x_wconf 85' lang='lat' dir='ltr'><strong>Quin</strong></span> <span class='ocrx_word' id='word_1_149' title='bbox 270 1898 346 1972; x_wconf 81' lang='lat' dir='ltr'><strong>agite,</strong></span> <span class='ocrx_word' id='word_1_150' title='bbox 358 1905 496 1954; x_wconf 90' lang='lat' dir='ltr'><strong>etmeoum</strong></span> <span class='ocrx_word' id='word_1_151' title='bbox 506 1898 634 1955; x_wconf 86' lang='lat' dir='ltr'><strong>infaustas</strong></span> <span class='ocrx_word' id='word_1_152' title='bbox 643 1899 747 1955; x_wconf 85' lang='lat' dir='ltr'><strong>exurite</strong></span> <span class='ocrx_word' id='word_1_153' title='bbox 756 1917 870 1973; x_wconf 87' lang='lat' dir='ltr'><strong>puppes.</strong></span> 
     </span>
     <span class='ocr_line' id='line_1_25' title="bbox 189 1973 876 2050; baseline 0.001 -21"><span class='ocrx_word' id='word_1_154' title='bbox 189 1976 257 2029; x_wconf 91' lang='lat' dir='ltr'><strong>Nam</strong></span> <span class='ocrx_word' id='word_1_155' title='bbox 268 1973 335 2028; x_wconf 91' lang='lat' dir='ltr'><strong>mihi</strong></span> <span class='ocrx_word' id='word_1_156' title='bbox 346 1973 509 2030; x_wconf 86' lang='lat' dir='ltr'><strong>Cassandrae</strong></span> <span class='ocrx_word' id='word_1_157' title='bbox 517 1991 564 2046; x_wconf 90' lang='lat' dir='ltr'><strong>per</strong></span> <span class='ocrx_word' id='word_1_158' title='bbox 573 1991 699 2030; x_wconf 87' lang='lat' dir='ltr'><strong>somnum</strong></span> <span class='ocrx_word' id='word_1_159' title='bbox 708 1976 779 2030; x_wconf 89' lang='lat' dir='ltr'><strong>vatis</strong></span> <span class='ocrx_word' id='word_1_160' title='bbox 790 1976 876 2050; x_wconf 78' lang='lat' dir='ltr'><strong>imago</strong></span> 
     </span>
     <span class='ocr_line' id='line_1_26' title="bbox 189 2048 868 2121; baseline 0.003 -16"><span class='ocrx_word' id='word_1_161' title='bbox 189 2049 309 2105; x_wconf 86' lang='lat' dir='ltr'><strong>ardentes</strong></span> <span class='ocrx_word' id='word_1_162' title='bbox 321 2048 384 2104; x_wconf 90' lang='lat' dir='ltr'><strong>dare</strong></span> <span class='ocrx_word' id='word_1_163' title='bbox 392 2050 449 2104; x_wconf 89' lang='lat' dir='ltr'><strong>visa</strong></span> <span class='ocrx_word' id='word_1_164' title='bbox 458 2048 540 2104; x_wconf 84' lang='lat' dir='ltr'><strong>faces:</strong></span> <span class='ocrx_word' id='word_1_165' title='bbox 561 2050 610 2105; x_wconf 86' lang='lat' dir='ltr'><strong>Hic</strong></span> <span class='ocrx_word' id='word_1_166' title='bbox 617 2049 735 2121; x_wconf 86' lang='lat' dir='ltr'><strong>quaerite</strong></span> <span class='ocrx_word' id='word_1_167' title='bbox 748 2050 868 2120; x_wconf 67' lang='lat' dir='ltr'><strong>Troiam</strong></span> 
     </span>
     <span class='ocr_line' id='line_1_27' title="bbox 188 2123 922 2201; baseline 0.001 -23"><span class='ocrx_word' id='word_1_168' title='bbox 188 2125 234 2179; x_wconf 92' lang='lat' dir='ltr'><strong>hic</strong></span> <span class='ocrx_word' id='word_1_169' title='bbox 242 2123 338 2179; x_wconf 92' lang='lat' dir='ltr'><strong>domus</strong></span> <span class='ocrx_word' id='word_1_170' title='bbox 349 2131 397 2190; x_wconf 79' lang='lat' dir='ltr'><strong>est,</strong></span> <span class='ocrx_word' id='word_1_171' title='bbox 409 2125 505 2196; x_wconf 90' lang='lat' dir='ltr'><strong>inquit,</strong></span> <span class='ocrx_word' id='word_1_172' title='bbox 517 2124 605 2180; x_wconf 88' lang='lat' dir='ltr'><strong>vohis.</strong></span> <span class='ocrx_word' id='word_1_173' title='bbox 633 2126 690 2179; x_wconf 87' lang='lat' dir='ltr'><strong>lam</strong></span> <span class='ocrx_word' id='word_1_174' title='bbox 698 2131 806 2197; x_wconf 84' lang='lat' dir='ltr'><strong>tempus</strong></span> <span class='ocrx_word' id='word_1_175' title='bbox 821 2126 865 2201; x_wconf 77' lang='lat' dir='ltr'><strong>agi</strong></span> <span class='ocrx_word' id='word_1_176' title='bbox 876 2136 922 2199; x_wconf 71' lang='lat' dir='ltr'><strong>rot¹</strong></span> 
     </span>
     <span class='ocr_line' id='line_1_28' title="bbox 190 2199 922 2272; baseline 0.001 -17"><span class='ocrx_word' id='word_1_177' title='bbox 190 2201 326 2255; x_wconf 86' lang='lat' dir='ltr'><strong>nectentis</strong></span> <span class='ocrx_word' id='word_1_178' title='bbox 336 2217 409 2254; x_wconf 89' lang='lat' dir='ltr'><strong>mora</strong></span> <span class='ocrx_word' id='word_1_179' title='bbox 421 2199 559 2272; x_wconf 82' lang='lat' dir='ltr'><strong>prodigiis.</strong></span> <span class='ocrx_word' id='word_1_180' title='bbox 587 2200 630 2254; x_wconf 90' lang='lat' dir='ltr'><strong>En</strong></span> <span class='ocrx_word' id='word_1_181' title='bbox 638 2207 824 2271; x_wconf 89' lang='lat' dir='ltr'><strong>quatuorarae</strong></span> <span class='ocrx_word' id='word_1_182' title='bbox 920 2222 922 2247; x_wconf 78' lang='lat'>=</span> 
     </span>
     <span class='ocr_line' id='line_1_29' title="bbox 136 2274 922 2347; baseline 0.004 -19"><span class='ocrx_word' id='word_1_183' title='bbox 136 2283 175 2328; x_wconf 79' lang='lat' dir='ltr'><strong>tto</strong></span> <span class='ocrx_word' id='word_1_184' title='bbox 189 2276 322 2347; x_wconf 89' lang='lat' dir='ltr'><strong>Neptuno.</strong></span> <span class='ocrx_word' id='word_1_185' title='bbox 351 2276 420 2329; x_wconf 87' lang='lat' dir='ltr'><strong>Deus</strong></span> <span class='ocrx_word' id='word_1_186' title='bbox 430 2275 487 2347; x_wconf 89' lang='lat' dir='ltr'><strong>ipse</strong></span> <span class='ocrx_word' id='word_1_187' title='bbox 495 2274 564 2329; x_wconf 79' lang='lat' dir='ltr'><strong>faces</strong></span> <span class='ocrx_word' id='word_1_188' title='bbox 573 2274 749 2347; x_wconf 87' lang='lat' dir='ltr'><strong>animumque</strong></span> <span class='ocrx_word' id='word_1_189' title='bbox 757 2275 894 2331; x_wconf 77' lang='lat' dir='ltr'><strong>ministrat.</strong></span> <span class='ocrx_word' id='word_1_190' title='bbox 920 2304 922 2346; x_wconf 69' lang='grc' dir='ltr'>Ι</span> 
     </span>
     <span class='ocr_line' id='line_1_30' title="bbox 189 2348 915 2426; baseline -0.001 -22"><span class='ocrx_word' id='word_1_191' title='bbox 189 2351 257 2404; x_wconf 87' lang='lat' dir='ltr'><strong>Haec</strong></span> <span class='ocrx_word' id='word_1_192' title='bbox 266 2365 424 2414; x_wconf 87' lang='lat' dir='ltr'><strong>memorans,</strong></span> <span class='ocrx_word' id='word_1_193' title='bbox 439 2350 525 2421; x_wconf 91' lang='lat' dir='ltr'><strong>prima</strong></span> <span class='ocrx_word' id='word_1_194' title='bbox 534 2348 668 2405; x_wconf 86' lang='lat' dir='ltr'><strong>infensum</strong></span> <span class='ocrx_word' id='word_1_195' title='bbox 677 2350 706 2406; x_wconf 84' lang='lat' dir='ltr'><strong>vi</strong></span> <span class='ocrx_word' id='word_1_196' title='bbox 718 2351 828 2422; x_wconf 85' lang='lat' dir='ltr'><strong>corripit</strong></span> <span class='ocrx_word' id='word_1_197' title='bbox 835 2351 915 2426; x_wconf 75' lang='lat' dir='ltr'><strong>ignea.</strong></span> 
     </span>
     <span class='ocr_line' id='line_1_31' title="bbox 190 2424 808 2496; baseline 0.003 -17"><span class='ocrx_word' id='word_1_198' title='bbox 190 2424 346 2496; x_wconf 87' lang='lat' dir='ltr'><strong>sublataque</strong></span> <span class='ocrx_word' id='word_1_199' title='bbox 355 2424 447 2495; x_wconf 89' lang='lat' dir='ltr'><strong>procul</strong></span> <span class='ocrx_word' id='word_1_200' title='bbox 456 2424 547 2479; x_wconf 86' lang='lat' dir='ltr'><strong>dextm</strong></span> <span class='ocrx_word' id='word_1_201' title='bbox 556 2425 670 2481; x_wconf 82' lang='lat' dir='ltr'><strong>mnnixa</strong></span> <span class='ocrx_word' id='word_1_202' title='bbox 678 2433 808 2491; x_wconf 85' lang='lat' dir='ltr'><strong>coruscat,</strong></span> 
     </span>
     <span class='ocr_line' id='line_1_32' title="bbox 190 2499 922 2572; baseline 0.007 -20"><span class='ocrx_word' id='word_1_203' title='bbox 190 2506 216 2553; x_wconf 90' lang='lat' dir='ltr'><strong>et</strong></span> <span class='ocrx_word' id='word_1_204' title='bbox 224 2499 294 2553; x_wconf 89' lang='lat' dir='ltr'><strong>iacit.</strong></span> <span class='ocrx_word' id='word_1_205' title='bbox 323 2500 444 2554; x_wconf 82' lang='lat' dir='ltr'><strong>Arrectae</strong></span> <span class='ocrx_word' id='word_1_206' title='bbox 452 2507 562 2565; x_wconf 88' lang='lat' dir='ltr'><strong>mentes,</strong></span> <span class='ocrx_word' id='word_1_207' title='bbox 577 2499 775 2572; x_wconf 82' lang='lat' dir='ltr'><strong>stupefactaque</strong></span> <span class='ocrx_word' id='word_1_208' title='bbox 783 2501 863 2557; x_wconf 85' lang='lat' dir='ltr'><strong>eorde</strong></span> <span class='ocrx_word' id='word_1_209' title='bbox 920 2512 922 2517; x_wconf 85' lang='lat'>&#39;</span> 
     </span>
     <span class='ocr_line' id='line_1_33' title="bbox 189 2573 922 2713; baseline 0.005 -84"><span class='ocrx_word' id='word_1_210' title='bbox 189 2573 312 2630; x_wconf 86' lang='lat' dir='ltr'><strong>liiedum.</strong></span> <span class='ocrx_word' id='word_1_211' title='bbox 341 2573 587 2643; x_wconf 87' lang='lat' dir='ltr'><strong>Hicuaaemultis,</strong></span> <span class='ocrx_word' id='word_1_212' title='bbox 600 2576 876 2648; x_wconf 59' lang='lat' dir='ltr'><strong>quaemaximauam</strong></span> <span class='ocrx_word' id='word_1_213' title='bbox 918 2588 922 2713; x_wconf 65' lang='grc'>1</span> 
     </span>
    </p>
   </div>
   <div class='ocr_carea' id='block_1_3' title="bbox 123 2650 778 2733">
    <p class='ocr_par' dir='ltr' id='par_1_3' title="bbox 123 2650 778 2733">
     <span class='ocr_line' id='line_1_34' title="bbox 123 2650 778 2733; baseline -0.005 -26"><span class='ocrx_word' id='word_1_214' title='bbox 123 2658 171 2708; x_wconf 73' lang='lat' dir='ltr'><strong>tit</strong></span> <span class='ocrx_word' id='word_1_215' title='bbox 185 2652 288 2733; x_wconf 82' lang='lat' dir='ltr'><strong>Pyrgo,</strong></span> <span class='ocrx_word' id='word_1_216' title='bbox 299 2650 452 2713; x_wconf 76' lang='lat' dir='ltr'><strong>totfriami</strong></span> <span class='ocrx_word' id='word_1_217' title='bbox 458 2650 778 2724; x_wconf 64' lang='lat' dir='ltr'><strong>natorumreqjunuu&#39;m</strong></span> 
     </span>
    </p>
   </div>
   <div class='ocr_carea' id='block_1_4' title="bbox 0 0 934 3052">
    <p class='ocr_par' dir='ltr' id='par_1_4' title="bbox 0 0 934 3052">
     <span class='ocr_line' id='line_1_35' title="bbox 0 0 934 3052; baseline 0 0"><span class='ocrx_word' id='word_1_218' title='bbox 0 0 934 3052; x_wconf 95' lang='lat' dir='ltr'><strong> </strong></span> 
     </span>
    </p>
   </div>
  </div>
 </body>
</html>
