1846 3052
179 164 228 215 304
345 164 376 210 P.
396 160 568 209 VIRGILII
583 159 760 207 MARONIS

178 270 265 324 Immo
274 281 322 339 ego
331 281 388 328 vos,
399 261 442 317 oui
452 260 509 317 sola
518 259 592 317 salus
599 259 718 335 genitore
726 258 847 324 reducto,

179 341 276 414 excipit
284 339 423 403 Ascanius,
438 353 485 409 per
496 351 618 411 magnos,
629 333 702 399 Nise,
712 333 836 399 Penates,

179 415 353 486 Assaracique
363 415 466 478 Larem,
476 418 502 467 ct
512 428 593 467 canae
602 407 747 483 penetralia
759 409 856 466 Vestae

127 504 166 548 250
180 492 308 547 obtestor:
328 488 512 562 (quaecunque
523 486 592 541 mihi
600 484 705 541 fortuna
715 483 840 557 fidesque
848 491 894 550 est,

181 568 209 621 in
219 565 313 620 vestris
322 579 392 636 pono
400 561 509 636 gremiis
512 559 540 690 ,ὲ
556 567 675 617 revocate
682 567 838 632 parentem,

181 639 281 696 reddite
290 645 471 710 conspectum,
492 636 519 692 n'
541 634 699 691 ilillotriste
706 642 820 708 recepto.

181 717 246 771 Bina
255 714 325 770 dabo
334 719 440 787 argento
448 710 560 784 perfecta
569 719 648 783 atque
656 726 750 781 aspera
759 711 848 785 signis

183 789 285 862 pocula,
296 788 396 844 devicta
406 788 509 861 genitor
517 803 587 858 queo
594 785 664 858 cepit
672 784 787 854 Arisbn3

129 877 168 920 265
182 872 208 921 et
216 863 332 936 tripodas
340 863 470 938 geminos,
481 863 540 918 auri
549 862 603 917 duo
611 876 710 934 magna
719 859 834 928 talentn3

183 947 282 995 cratera
290 939 440 1010 antiquum,
451 954 532 1010 quem
543 936 588 992 dat
596 935 705 992 Sidonia
714 935 796 992 Dido.

184 1014 212 1070 Si
223 1031 285 1070 vero
293 1030 385 1086 capere
393 1012 495 1068 ltaliam
505 1011 668 1084 sceptrisque
676 1011 760 1084 potiri

184 1089 321 1164 eontigerit
330 1088 431 1154 victori,
442 1095 468 1143 et
476 1087 586 1161 praedae
595 1085 692 1142 ducere
700 1093 817 1143 sortem:

185 1165 285 1229 vidisti,
300 1181 354 1237 quo
362 1165 469 1219 Turnus
478 1179 557 1235 equo,
569 1162 669 1234 quibus
679 1161 736 1216 ibat
745 1161 777 1217 in
786 1162 869 1216 armis

131 1251 170 1292 270
185 1257 295 1309 aureus3
316 1240 406 1312 ipsum
416 1237 503 1303 illum,
517 1237 634 1309 clipeum
647 1236 801 1308 cristasque
811 1237 915 1292 rubente

186 1315 315 1387 excipiam
323 1314 396 1380 sorti,
407 1314 462 1369 iam
474 1329 547 1368 nuno
554 1319 599 1368 tua
608 1312 737 1384 proemia,
750 1312 833 1381 Nise;

185 1398 316 1461 praeterea
325 1390 367 1445 bis
377 1406 425 1444 sex
433 1389 535 1462 genitor
544 1387 686 1442 lectissima
696 1395 818 1441 matrum

187 1481 302 1536 corpora,
318 1465 488 1537 captivosque
501 1462 582 1531 dabit,
594 1479 698 1534 suaque
705 1461 838 1517 omnihus
847 1477 915 1517 annu⁴

187 1539 297 1611 insuper
305 1540 357 1605 his,
369 1540 456 1611 campi
466 1537 538 1611 quod
547 1555 595 1592 rex
603 1537 683 1592 habet
695 1537 755 1608 ipse
765 1537 884 1593 Latinus.

133 1624 172 1667 275
187 1615 224 1668 Te
233 1631 304 1678 vero,
315 1632 374 1669 mea
383 1631 464 1686 quem
473 1612 565 1685 spatiis
574 1612 745 1685 propioribus
755 1620 828 1667 netas

188 1688 344 1759 insequitur,
356 1688 503 1744 venerando
511 1705 586 1761 puer,
598 1687 650 1741 iarn
659 1693 766 1759 pectore
774 1694 827 1742 toto

188 1763 294 1833 accipio,
305 1770 330 1817 ct
338 1765 459 1818 comitem
470 1781 548 1818 casus
557 1761 714 1833 complector
723 1762 755 1817 in
768 1779 869 1818 omnes.

188 1837 268 1893 Nulla
277 1837 344 1892 meis
353 1837 444 1893 sinete
454 1845 594 1910 quaeretur
602 1837 687 1910 gloria
696 1838 794 1907 rebus;

189 1929 236 1967 seu
246 1929 336 1983 paoem
348 1912 473 1967 seubella
482 1931 586 1986 garem3
607 1912 656 1967 tihi
665 1912 880 1969 maximarum

135 1999 174 2042 280
188 1987 383 2060 verborumque
393 1987 465 2043 fides.
494 1988 590 2044 Contra
599 2004 681 2060 quem
689 1987 754 2041 talia
762 1986 833 2042 fatur

188 2061 337 2136 Euryalus:
358 2064 401 2119 Me
409 2062 483 2118 nulla
493 2062 550 2118 dies
559 2070 614 2117 tam
623 2061 736 2118 fortibus
749 2062 824 2116 ausis

189 2137 346 2193 dissimilem
357 2138 484 2212 arguerit:
504 2145 623 2193 tantum:
643 2138 763 2192 Fortuna
771 2135 881 2193 secunda

191 2220 236 2268 aut
244 2213 353 2268 adversa
361 2214 445 2268 cadat.
474 2212 749 2285 Sedtesuperomnia
760 2212 830 2267 dona

189 2305 275 2342 unum
285 2305 343 2343 oro:
364 2289 483 2362 genetrix
495 2288 592 2342 Priami
605 2287 724 2362 degente
732 2294 837 2341 vetusta

137 2373 175 2415 285
189 2369 229 2416 est
239 2362 315 2428 mihi,
327 2381 409 2435 wana
420 2363 544 2418 miseram
555 2363 638 2418 tenuit
647 2380 700 2417 non
712 2362 760 2416 iiie
770 2361 848 2416 tellus

191 2453 295 2492 mecum
304 2437 480 2503 excedentem,
492 2454 545 2493 non
556 2438 658 2493 moenia
668 2438 739 2510 regis
750 2437 865 2492 Acestae.

190 2508 913 2585 Hancegonunoignaramhuiusquodcunquepericliet

191 2589 274 2661 inque
286 2585 424 2641 salutatam
435 2587 540 2659 linquo;
561 2589 621 2642 Nox
632 2595 657 2642 et
664 2595 710 2641 tua
719 2588 794 2641 testis

189 2665 310 2735 dextera,
320 2663 397 2743 quoti
403 2660 787 2738 nequeamienimssqsxtem
792 2660 903 2730 potentie
