1846 3052
42 192 44 197 .
134 140 184 195 360
228 105 230 111 Ι
296 142 327 191 P.
346 143 519 193 VIRGILII
535 142 711 190 HARONIS

133 243 256 302 nobilitas
266 243 353 309 dabat,
364 243 492 298 incertum
502 241 535 298 de
543 249 616 314 patre
624 240 738 312 ferebat,

132 320 232 392 surgit,
245 326 270 373 et
278 318 321 373 his
330 324 420 375 onerat
429 316 505 372 dictis
515 324 595 389 atque
603 324 711 390 aggerat
720 318 790 373 iras:

132 393 199 450 Rem
208 391 274 448 nulli
284 392 433 457 obscuram,
445 399 548 447 nostrae
557 408 607 447 nec
615 391 688 448 vce-is
696 400 830 466 egenum,

132 466 260 533 consulis,
271 467 366 523 abone
377 483 432 522 rex.
461 465 554 522 Cuncti
563 483 593 522 se
601 466 670 521 scire
678 464 805 534 fatentem,

79 550 118 597 345
131 541 199 614 quid
211 539 315 597 fortuna
323 539 501 612 feratpapuli3
523 539 570 595 sed
579 540 666 596 dicere
675 549 808 601 mussant.

132 617 180 672 Det
188 614 334 671 libertatem
343 614 425 680 fandi,
436 613 566 686 {lauruque
574 616 698 681 remittat,

132 689 251 744 cuiusob
260 689 409 761 auspicium
418 687 564 744 infaustum
572 689 834 762 moresquesinistru

133 762 834 836 (dicamequidem,licetarmamihimortemqueminu

133 836 237 893 lumina
245 844 283 893 tat
293 837 418 893 cecidisse
426 836 535 912 ducum.
547 845 681 910 totamque
690 838 817 895 videmus

78 921 118 966 aso
131 911 281 968 consedisse
290 912 383 967 urbem
393 910 479 967 luctu:
500 911 566 967 dum
576 912 654 967 Trc'ia
661 919 746 968 tentat

133 993 225 1052 castra,
238 984 315 1060 fugae
324 986 417 1051 fidens,
428 993 454 1040 et
462 985 564 1041 coelum
574 987 674 1042 territat
680 988 776 1043 armis.

134 1061 224 1117 Unum
233 1061 312 1117 etiam
326 1060 403 1116 donis
413 1061 483 1125 istis,
495 1077 563 1132 quae
572 1059 688 1131 plurima
696 1063 771 1117 mitti

134 1136 289 1190 Dardanidis
299 1136 404 1207 dicique
413 1134 498 1200 iubes,
509 1152 604 1200 unum,
616 1136 718 1206 optime
726 1153 831 1211 regum,

134 1209 254 1279 adiicias3
276 1209 449 1266 neateullius
458 1208 582 1265 violentia
591 1210 688 1275 vincat,

81 1292 119 1336 355
134 1283 201 1354 quin
212 1292 299 1339 natam
308 1285 413 1358 egregio
421 1300 518 1357 genero
528 1283 672 1356 dignisque
681 1284 834 1358 hymenaeis

134 1357 190 1422 des,
202 1366 284 1428 pater,
296 1365 321 1413 et
332 1375 422 1430 pacem
432 1359 501 1413 hana
511 1365 613 1413 aeterno
622 1357 726 1414 foedere
737 1360 832 1433 iungas

134 1430 242 1497 Quodsi
253 1440 341 1487 tantus
353 1432 433 1488 habet
440 1440 541 1487 mentes
548 1440 575 1488 et
582 1440 686 1504 pectora
694 1441 792 1490 terror:

135 1506 225 1576 ipsum
234 1506 403 1572 obtestemur,
419 1508 576 1578 veniamque
584 1523 692 1562 cremus
702 1508 739 1563 ab
748 1509 819 1580 ips0;

135 1578 216 1644 cedat,
228 1580 271 1635 ius
280 1582 416 1653 proprium
426 1582 482 1654 regi
491 1581 642 1652 patriaeque
653 1584 779 1639 remittat.

81 1662 120 1706 360
135 1651 205 1720 Quid
214 1654 324 1710 miseros
333 1656 408 1710 tcties
419 1657 447 1710 in
455 1663 543 1726 aperta
552 1654 668 1727 pericula
680 1657 754 1712 cives

134 1727 250 1797 proficis,
266 1745 282 1782 o
292 1730 365 1784 Latio
375 1737 453 1801 caput
464 1731 561 1785 horum
570 1736 595 1785 55
603 1747 697 1785 caussa
708 1730 834 1788 malcrum

134 1801 213 1856 Nulla
223 1800 296 1859 salus
306 1802 388 1870 be1103
409 1822 500 1875 pacem
513 1806 682 1876 tepescimus
690 1822 796 1872 omnes,

134 1877 231 1942 Turne,
244 1876 324 1931 simul
334 1877 405 1948 pacis
414 1878 501 1933 solum
512 1879 664 1937 inviolabile
675 1880 787 1953 pignus.

135 1951 240 2005 Primus
249 1967 306 2025 ego,
320 1952 437 2007 invisum
448 1970 529 2024 quem
539 1963 568 2009 tu
577 1954 626 2009 tibi
636 1954 727 2027 fingis,
739 1964 765 2010 et
777 1973 834 2012 esse

81 2033 120 2077 555
135 2025 173 2079 nil
184 2042 280 2091 moror,
295 2043 327 2081 en
341 2026 455 2099 supplex
464 2028 552 2082 venio.
581 2028 703 2083 Miserere
714 2036 833 2096 tucrum,

134 2116 203 2170 pone
213 2100 323 2166 animos,
336 2110 361 2156 et
369 2101 464 2174 pulsus
474 2103 525 2156 abi.
553 2101 599 2157 Sat
607 2101 699 2157 funera
709 2102 764 2158 fusi

135 2174 261 2239 vidimus,
273 2176 391 2249 ingentes
401 2183 426 2230 et
433 2175 613 2231 desolavimus
622 2193 711 2249 agros.

135 2248 196 2312 Aut,
208 2250 231 2302 si
240 2249 310 2304 fama
320 2260 418 2315 movet,
430 2251 453 2304 si
465 2257 566 2304 tantum
577 2258 677 2321 pectore
686 2251 770 2307 robur

135 2323 260 2393 concipis,
275 2331 301 2378 55
312 2325 335 2377 si
347 2325 409 2380 adeo
418 2324 511 2378 dotalis
519 2325 591 2397 regia
600 2324 671 2379 cordi
685 2333 739 2379 est:

82 2404 121 2448 stt
136 2395 211 2461 aude,
221 2404 300 2469 atque
309 2398 449 2454 adversum
458 2398 541 2453 fidens
550 2398 588 2453 far
598 2406 688 2470 pectus
698 2400 726 2455 in
738 2400 834 2457 ticsten

135 2470 247 2536 Scilicet,
260 2478 290 2526 ut
297 2472 386 2527 Turno
394 2473 527 2546 contingat
536 2473 607 2546 regia
615 2473 744 2539 coniunx,

136 2562 194 2613 nos,
209 2545 312 2600 animae
322 2545 396 2612 viles¹
410 2547 548 2601 inhumata
557 2546 797 2618 infletaqueturba‚

133 2630 289 2682 sternamur
299 2621 411 2695 campis.
436 2621 803 2688 utiamtnp'ippaun'ivis
