1846 3052
338 130 497 181 ncLoca
514 132 562 179 tx.

286 231 634 320 manure

327 349 574 397 ucuoealx

253 447 452 491 arcanas
481 445 648 490 moeurs
719 415 727 435 '

93 556 121 597 a.
142 530 255 608 Quota,
268 539 359 613 lleeri,
374 536 472 612 pedes‘l
489 538 541 603 An,
557 538 758 677 qussiatdllcn'
775 541 802 596 in

570 630 603 667 ur
636 630 678 666 m.

93 706 144 746 [om
163 687 307 763 OLycida,
319 688 375 744 vivi
384 687 564 760 pervenimus,
576 687 675 742 advena
687 690 778 754 nostri,

93 764 148 821 uod
157 780 301 835 nunquam
310 763 387 819 veriti
397 780 501 828 sumus,
514 769 543 817 ut
552 779 686 833 possessor
698 763 783 835 agelli

95 840 186 895 iceret:
207 839 277 893 Haeo
285 845 430 907 measunt3
451 837 773 910 veteresmigratemloni.

93 912 238 978 luncvicti,
249 913 346 977 tristes,
358 912 485 983 quoniam
494 912 559 966 Fors
568 912 656 966 omnia
666 922 762 978 versat,
866 928 876 967 e

94 1006 124 1045 os
134 987 175 1043 illi
188 986 271 1060 (quod
281 1004 330 1041 nec
338 994 420 1043 vertat
430 985 505 1060 bene)
517 985 647 1041 mittimus
657 987 764 1042 haedos.

93 1078 121 1117 a.
139 1062 218 1120 Certe
232 1061 356 1133 equidem
370 1060 514 1127 audieram,
530 1078 583 1133 qun
596 1078 625 1115 se
638 1061 785 1117 subducere

572 1136 651 1190 colles

93 1211 218 1284 acipiunt,
230 1208 358 1282 mollique
367 1209 462 1284 iugum
472 1209 605 1264 demittere
616 1210 692 1274 clive,

93 1284 208 1359 usquead
222 1302 320 1356 aquam
334 1293 359 1339 et
372 1292 481 1350 veteres,
497 1285 550 1338 iam
564 1283 641 1412 specta
655 1285 801 1349 eacumina,

583 1375 655 1430 agos,

95 1433 167 1490 mnia
179 1432 344 1489 carminibus
354 1441 472 1489 vestrum
482 1449 600 1488 servasse
610 1430 754 1487 Menalcan.
853 1447 878 1488 te

93 1524 147 1563 ion.
166 1506 310 1576 Audiens,
331 1506 434 1562 etfama
444 1507 508 1564 init:
530 1508 576 1562 sed
586 1507 701 1562 carmina
711 1515 814 1563 tantum

93 1591 168 1639 rostra
177 1581 275 1647 valent,
288 1583 396 1657 Lycida,
409 1582 459 1638 tela
468 1583 536 1638 inter
545 1583 646 1644 Martia.
659 1591 789 1653 quantum

93 1658 211 1713 lhaouias
219 1657 320 1723 dictent,
331 1656 419 1730 aquila
428 1658 559 1721 veniente,
568 1657 711 1711 columbas.

93 1730 156 1799 lund
165 1731 219 1789 nisi
230 1750 274 1788 me
286 1748 447 1804 quacunque
455 1748 537 1787 novas
547 1731 661 1786 incidere
670 1731 728 1786 lites

93 1816 138 1864 nte
146 1807 255 1863 sinistra
263 1824 327 1862 cava
337 1807 484 1862 monuisset
492 1806 525 1861 ab
534 1805 592 1860 ilice
601 1807 701 1871 cornix,
854 1818 878 1859 15

93 1899 127 1937 ιω
134 1890 199 1937 tuus
208 1881 254 1936 hic
262 1882 367 1948 Moeris,
378 1897 426 1936 nec
435 1881 535 1937 viveret
544 1881 599 1951 ipse
608 1879 748 1936 Menalcas.

93 1972 123 2011 a.
141 1957 215 2012 lleul
229 1954 736 2029 caditinquemquemtantumscelus‘.l
755 1955 816 2019 heu,

573 2030 705 2085 tuanobis

93 2120 161 2161 nene
170 2103 253 2159 simul
263 2111 350 2159 tecum
359 2105 450 2160 solatia
460 2112 542 2176 rapta,
554 2104 683 2160 Menalca!

93 2178 146 2245 luis
155 2188 260 2235 caneret
269 2179 426 2253 Nymphas?
444 2181 505 2252 quis
516 2180 629 2235 humum
639 2177 792 2234 florentibus

573 2254 663 2308 herbis

93 2326 231 2401 pergeret?
248 2335 295 2383 aut
303 2329 383 2384 viridi
393 2327 475 2384 lontm
486 2327 619 2383 induceret
628 2326 741 2382 umbra?
786 2383 788 2387 ,
853 2336 878 2378 20

93 2402 122 2457 at
131 2420 200 2475 quae
209 2402 316 2476 stablegi
324 2403 418 2457 tacitrrs
428 2403 476 2457 tibi
488 2403 604 2457 earmina
614 2420 707 2474 nuper,

93 2490 165 2547 {uum
174 2484 201 2533 te
209 2476 245 2533 ad
252 2476 361 2532 delicias
373 2477 461 2542 ferres,
473 2476 645 2550 Amaryllida,
659 2474 780 2532 no'stras‘?

93 2550 191 2625 »Tityre
204 2550 270 2607 dum
281 2551 358 2607 redeo
366 2552 463 2624 (laevis
472 2551 580 2625 estvia),
592 2569 668 2623 pasce
677 2549 802 2620 capellas:

93 2632 120 2681 et
127 2634 220 2699 potum
228 2635 385 2701 pestasage,
397 2627 499 2702 Tityre3
521 2634 546 2681 et
559 2625 767 2700 interagendum
