1846 3052
195 165 392 213 AENEIDOS
411 166 478 212 LIB.
501 165 524 210 1.
682 159 732 212 {⁰9

97 281 146 319 um
155 263 204 320 lux
213 264 282 319 alma
291 264 352 319 data
364 272 411 330 est,
422 265 503 329 exire,
514 264 638 336 locosque

96 356 122 393 re
131 355 224 404 novos,
236 356 303 410 quas
312 347 389 394 venta
398 339 534 393 accesserit
542 356 610 404 oras,

96 419 159 478 sant,
171 411 242 486 (nam
252 412 448 486 incultavidet),
460 414 624 478 hominesne,
635 412 747 479 femena,

96 488 264 552 econstituit,
278 488 410 559 sociisque
418 495 507 542 exacta
516 486 621 542 referre.

96 580 106 615 1
116 562 145 617 in
156 579 274 618 convexo
284 578 432 627 nemorum,
444 562 496 616 sub
506 578 572 632 rupe
581 569 670 616 cavata
747 572 786 615 310

96 654 128 692 us
141 635 259 691 clausam
272 637 373 691 aueum
387 643 467 709 atque
479 636 649 691 horrentibus

481 710 586 765 umbris

95 806 97 838 z
117 783 175 856 ipse
183 801 239 840 uno
247 783 367 856 graditur
377 784 515 839 comitatus
524 785 631 850 Achate,

95 857 333 929 anulatocrispans
342 858 447 913 hastilia
455 857 534 913 ferro.

95 941 132 988 ter
141 933 227 987 media
238 950 295 988 sese
303 932 364 988 tulit
373 932 451 989 obvia
461 933 537 999 silva,

94 1007 326 1079 soshabitumque
334 1024 438 1080 gerens,
450 1015 476 1062 et
484 1007 597 1080 virginis
606 1025 680 1062 arma
748 1017 786 1060 315

94 1099 141 1146 rae,
151 1079 194 1137 vel
204 1081 291 1153 qualis
301 1098 383 1152 equos
394 1082 517 1136 Threissa
526 1081 617 1155 fatigat

94 1173 145 1230 pce,
156 1155 344 1227 volucremque
352 1155 416 1229 suga
423 1157 595 1227 praevertitur
604 1157 718 1210 Eurum.

94 1248 111 1286 e
120 1231 240 1286 humeris
250 1230 283 1285 de
293 1248 366 1286 more
374 1230 490 1286 habilem
501 1229 673 1302 suspenderat

481 1321 572 1359 arcum

93 1396 118 1445 ι,
129 1378 288 1451 dederatque
297 1396 400 1434 nomam
410 1378 557 1433 diffundere
565 1379 661 1443 ventis.

93 1471 151 1517 edu,
164 1454 286 1526 nodoque
296 1455 372 1509 sinus
382 1453 486 1508 collecta
496 1453 606 1508 fluentes
748 1463 787 1506 tto

94 1546 116 1592 r,
128 1529 209 1593 Heus,
221 1529 318 1601 inquit,
327 1529 445 1594 iuvenes,
455 1535 606 1594 monstrata,
613 1544 733 1583 mearum

101 1602 124 1656 si
135 1620 218 1674 quam
227 1603 271 1657 hie
281 1611 410 1658 errantem
420 1602 484 1659 forte
493 1620 623 1668 sororum,

92 1684 148 1731 tam
159 1677 280 1748 pharetra
290 1685 316 1733 et
324 1677 473 1732 maculosae
481 1677 598 1751 tegmine
608 1677 705 1751 lyncis,

92 1751 193 1806 mantis
203 1753 260 1822 apri
270 1769 379 1806 cursum
390 1751 504 1807 clamore
512 1759 685 1824 prementem.

92 1826 188 1894 ienus;
209 1833 235 1880 et
243 1826 353 1882 Veneris
363 1833 451 1881 eontra
461 1827 500 1881 sic
510 1827 582 1881 filius
592 1843 681 1881 orsus:
750 1835 788 1878 32⁵

92 1917 184 1955 uarum
194 1900 283 1955 audita
293 1901 359 1954 mihi
371 1918 457 1972 neque
465 1903 523 1956 visa
532 1917 661 1964 sororum,

92 1973 320 2030 ntememoram‘i
338 1976 426 2049 virgo;
447 1973 702 2046 namquehaudtihi

484 2049 575 2104 vultus

94 2123 478 2191 s‚neevoxhominen1sonat.
499 2123 669 2190 Odeacerta3

91 2198 132 2254 ehi
141 2196 234 2253 seror?
251 2215 284 2253 an
298 2199 484 2272 Nympharum
493 2197 631 2270 sanguinis
642 2194 715 2250 una?

91 2291 109 2339 r,
120 2280 297 2344 nostrumque
304 2272 386 2338 leves,
399 2289 581 2344 quaecunque,
595 2270 720 2336 laborem,
750 2281 790 2324 att

90 2347 140 2404 sub
149 2347 220 2402 coelo
229 2348 346 2414 tandem,
358 2348 458 2419 quibus
467 2347 539 2401 orbis
549 2347 577 2401 in
587 2345 640 2401 oris

90 2440 127 2488 ur,
138 2422 242 2477 doceas.
263 2423 352 2496 ignari
361 2422 556 2493 hominumque
565 2420 736 2492 locorumque

90 2515 120 2562 is,
133 2504 212 2552 vento
221 2498 276 2552 huc
284 2505 309 2553 et
318 2497 400 2552 vastis
409 2495 533 2551 fluetibus
543 2495 603 2550 acti.

90 2571 133 2627 tihi
143 2579 203 2627 ante
212 2590 272 2628 aras
282 2580 371 2627 nostra
380 2571 453 2626 cadet
463 2570 548 2625 hostia
558 2569 656 2625 dextra.

90 2646 204 2704 ivenus:
216 2647 293 2703 Haud
299 2647 422 2722 equidem
430 2644 805 2725 talimedignoriaunere.ata
