1846 3052
186 148 236 201 256
349 151 377 196 P.
397 149 570 197 VIRGILII
586 149 765 196 MARONIS

186 250 323 324 auspiciis;
344 249 409 305 huie
415 248 569 323 progeniem
582 248 680 303 virtute
688 247 810 305 futuram

185 327 327 400 egregiam,
339 330 364 379 et
373 330 458 379 totum
467 340 536 396 quaa
544 322 768 396 viribusooeupet
775 325 880 381 orbam.

186 401 303 456 Tandem
313 398 396 454 laetus
405 398 455 453 ait:
475 399 508 452 Dt
518 404 606 455 nostra
616 397 719 470 indepta
730 400 889 463 secundant.

131 487 171 530 auu
186 474 382 548 auguriumque
391 472 486 528 suuml
497 472 616 538 Dabitur,
628 472 750 539 Troiane,
761 474 837 547 quud
845 482 920 547 optas

185 565 297 605 munera
306 563 465 619 neesperno.
497 546 840 621 Nonvobis‚regeLatin0‚

185 623 276 678 divitis
285 622 352 678 uber
360 622 418 696 agri
425 621 549 676 Troiaeve
556 620 691 693 opulentia
700 621 796 679 deerit.

185 700 245 769 Ipse
256 696 334 752 modo
344 696 455 761 Aeneas,
466 696 548 752 nostri
557 697 582 751 si
594 703 665 751 unta
675 697 775 769 cupido
784 707 833 764 est,

185 774 209 827 si
219 772 295 858 iungi
304 771 419 843 hospitio
430 778 551 843 properat
559 771 703 843 sociusque
712 774 812 839 vocari,

132 860 171 903 aus
186 845 316 910 adveniat,
331 845 423 901 vultus
433 846 795 903 neveexhurreseatamieos.

186 923 249 976 Pars
258 920 326 975 mihi
334 920 406 992 pacis
415 920 472 985 erit,
487 919 606 975 dextram
616 920 734 994 tetigisse
742 924 860 996 tyranni.

186 996 239 1050 Vos
247 1002 337 1050 eontra
345 995 402 1069 regi
410 1011 469 1050 mea
478 1011 551 1050 nune
559 994 683 1051 mandata
692 994 796 1053 referte.

185 1070 234 1125 Est
245 1069 314 1125 mihi
323 1076 393 1132 nata,
404 1070 462 1124 viro
470 1069 557 1142 gentis
568 1086 652 1142 quam
661 1069 775 1144 iungere
782 1080 893 1138 nostrae,

187 1162 239 1200 nou
249 1144 334 1216 patrio
345 1161 380 1200 ex
391 1143 471 1218 adyto
481 1151 572 1210 sortes,
584 1160 636 1199 non
647 1143 768 1216 plurima
775 1146 848 1204 eaelo

133 1231 173 1274 ztu
187 1227 304 1275 monstra
312 1219 418 1275 sinunt:
438 1235 548 1292 generes
561 1219 677 1275 externis
686 1219 882 1287 afforeaberis,

187 1294 238 1350 hoe
246 1294 320 1349 Latio
329 1301 426 1348 restare
434 1301 541 1358 canunt,
553 1294 602 1365 qui
614 1295 748 1367 sanguine
757 1304 877 1352 noeuum

187 1386 284 1425 nomen
294 1368 323 1424 iu
335 1376 405 1423 astra
415 1367 508 1423 fuant.
537 1369 616 1423 Hune
623 1368 703 1423 illum
711 1386 822 1441 posuere
828 1370 878 1427 feta

187 1451 213 1499 et
221 1460 287 1509 reor,
300 1449 334 1509 et,
349 1443 373 1497 si
381 1442 449 1515 quid
456 1443 512 1499 veri
521 1460 598 1498 mens
610 1452 732 1516 augurat,
741 1453 815 1516 epte.

187 1519 255 1573 Haec
263 1517 365 1583 effatus,
376 1533 459 1589 equos
469 1534 579 1573 numere
587 1525 660 1588 pater
669 1516 745 1591 eligit
752 1520 837 1575 omni.

133 1603 173 1646 275
186 1593 296 1647 Stabant
304 1599 343 1647 ter
351 1600 457 1648 centum
468 1591 545 1647 nitidi
554 1593 582 1646 in
591 1593 765 1664 praesepibus
774 1593 846 1649 altis.

188 1665 321 1722 Omnibus
331 1666 462 1736 extemplo
474 1667 581 1721 Teucris
591 1667 662 1721 iubet
671 1667 767 1723 ordine
776 1669 838 1725 duci

187 1742 311 1795 instratos
320 1747 391 1795 ostro
400 1740 516 1812 alipedes
525 1741 655 1813 pictisque
664 1743 769 1813 tapetis

186 1816 273 1870 Aurea
281 1814 431 1886 pectoribus
440 1815 554 1870 demissa
564 1815 673 1871 monilia
683 1816 816 1887 pendent3

187 1889 246 1944 teeti
256 1905 333 1957 aur03
357 1887 461 1945 fulvum
472 1890 604 1946 mandunt
612 1890 664 1945 sub
673 1890 802 1947 dentibus
811 1909 907 1950 aurum.

133 1975 172 2018 280
187 1964 296 2020 Absenti
305 1963 407 2019 Aeneae
416 1981 526 2020 currum
534 1965 709 2038 geminusque
718 1966 832 2040 iugales,

187 2039 288 2094 semine
297 2039 330 2093 ub
344 2039 465 2104 aetherio,
476 2040 606 2111 spirantes
617 2040 726 2095 naribus
739 2042 843 2114 ignem,

187 2113 293 2170 illorum
304 2114 430 2188 degente,
440 2115 507 2185 patri
518 2131 586 2187 quus
606 2113 715 2170 daedala
724 2115 802 2172 Ciree

186 2189 322 2260 supposita
332 2190 364 2244 de
376 2198 459 2244 matre
468 2189 561 2244 nothos
571 2188 656 2244 furata
664 2190 774 2245 creavit.

187 2263 296 2318 Talibus
305 2263 440 2319 Aeneadae
449 2264 526 2319 donis
535 2264 666 2336 dictisque
675 2265 764 2319 Latini

133 2348 172 2390 285
187 2336 316 2392 sublimes
325 2339 353 2392 in
363 2338 440 2410 equis
449 2338 568 2403 redeunt,
581 2348 879 2411 pueemquereportaut.

223 2412 290 2466 Eeee
299 2419 387 2466 autem
397 2413 512 2468 Inachiis
521 2430 579 2468 sese
587 2412 714 2469 referebat
723 2414 758 2469 ab
767 2416 850 2489 Argis

187 2502 264 2540 saeva
274 2485 344 2540 Iovis
352 2487 479 2553 coniunx,
492 2505 623 2560 aurasque
628 2489 729 2545 invecta
739 2490 858 2557 tenebat3

186 2566 212 2614 et
221 2559 319 2616 laetum
329 2559 442 2616 Aenum
452 2561 617 2635 classemque
626 2581 660 2619 ex
668 2563 772 2619 aethere
783 2564 861 2639 longa

185 2635 350 2694 Dardaniam
358 2635 449 2693 Siuuie
456 2639 594 2710 prespexit
598 2639 634 2693 ab
640 2655 728 2708 usque
736 2639 871 2713 Pachyno.
