1846 3052
159 153 208 207 356
325 159 355 203 Ρ.
375 152 546 203 VIRGILII
562 152 738 201 MARONIS

104 271 143 313 210
158 258 244 314 Tertia
253 256 301 312 lux
310 255 425 330 gelidam
436 252 508 309 cneio
517 253 662 308 dimoverat
670 254 811 310 umbram:

159 339 303 388 moerentes
313 330 395 385 altum
405 330 520 384 cinerem
529 335 554 383 et
563 326 673 384 eunlusa
681 328 796 384 ruebant

159 424 218 462 ossa
227 406 300 470 locis,
313 404 454 476 tepidoque
462 403 605 458 onerabant
613 420 710 477 aggere
718 410 813 460 terrae.

160 485 214 536 lam
223 480 321 535 veroin
331 480 405 534 tectis
423 477 652 550 praedivitisurbe
660 478 749 533 Latini

159 556 317 628 praecipuus
331 554 431 626 fragor.
444 561 469 608 et
478 552 550 626 longi
563 569 625 624 pars
634 553 754 607 maxima
765 552 863 609 luctus.

105 643 144 686 215
159 632 206 685 Hie
216 638 321 693 matres,
332 630 497 699 miseraeque
507 644 601 692 nurus,
612 627 656 682 hic
664 642 726 682 eara
734 643 856 685 summm

34 705 38 713 '
159 712 260 776 pectora
271 711 444 766 moerentum,
456 702 585 773 puerique
593 703 748 773 parantibus
757 703 827 769 orbi,

160 780 247 833 dirum
260 785 427 832 exsecrantur
436 777 536 831 bellum
547 776 685 849 Turnique
692 777 868 852 hymenaeus.

160 856 251 925 Ipsum
262 853 353 912 armis,
365 851 508 922 ipsumque
521 851 612 906 iubent
622 850 761 907 decernere
770 851 847 919 ferun,

161 928 208 1000 qui
219 944 331 1000 regnum
341 926 430 980 ltaliae
438 934 463 980 et
472 927 571 996 primos
582 926 633 981 sibi
645 934 734 998 poseat
744 926 868 984 honores.

107 1015 145 1056 220
160 1005 282 1075 lngmvat
293 1001 355 1055 haec
363 1016 458 1054 saevus
468 1002 590 1065 Drances,
602 1000 746 1073 solumque
755 1003 844 1059 vocari

161 1084 278 1139 testatur,
290 1075 377 1130 solum
388 1075 459 1146 posci
469 1075 496 1128 in
505 1075 647 1129 certamina
659 1076 796 1131 Turnum.

160 1151 242 1206 Multa
250 1149 331 1205 simul
341 1157 429 1205 eontra
438 1149 518 1203 variis
528 1150 655 1204 sententia
665 1149 744 1205 dietis

161 1225 320 1296 pr0Turn0;
342 1231 367 1279 et
375 1240 503 1296 magnum
514 1225 620 1296 reginae
629 1239 726 1280 nomen
735 1224 889 1282 obumbrat:

162 1299 245 1353 multa
254 1299 343 1353 virum
353 1299 453 1353 meritis
466 1305 594 1352 sustentat
602 1296 672 1353 fama
683 1300 807 1371 tropaeis.

107 1384 145 1427 225
197 1375 249 1427 llos
261 1373 326 1428 inter
336 1380 432 1438 motus,
445 1372 532 1426 medio
542 1372 569 1426 in
577 1371 703 1446 flagrante
712 1374 843 1441 tumultu,

161 1465 227 1512 ecee,
240 1465 319 1518 super
328 1448 420 1502 moesti
431 1464 526 1521 magna
536 1447 668 1502 Diomedis
678 1448 712 1502 ab
721 1449 793 1505 urbe
894 1468 899 1479 ·

162 1522 240 1595 legati
251 1539 375 1592 responsa
385 1521 484 1576 lerunt:
506 1521 573 1577 nihil
583 1522 710 1577 omnibus
719 1532 811 1579 aetum

161 1605 293 1650 tantorum
299 1597 426 1668 impensis
435 1613 557 1667 operum;
568 1597 605 1652 nil
616 1597 694 1664 dona,
702 1614 904 1671 nequenurum,

162 1688 328 1742 necmagnas
338 1671 565 1743 valuissepreees3
587 1670 721 1727 aliaerma
732 1674 839 1729 Latinis

107 1756 146 1799 230
161 1744 318 1815 quaerenda,
331 1753 376 1798 aut
386 1762 477 1816 pacem
487 1746 598 1801 Troiano
611 1746 645 1801 ab
653 1763 716 1821 rege
724 1749 882 1819 petendum.

162 1818 251 1873 Deficit
261 1818 360 1891 ingenti
371 1818 443 1874 luctu
453 1837 499 1874 rex
508 1820 565 1890 ipse
572 1821 691 1876 Latinus.

161 1892 277 1947 Fatalem
287 1894 391 1947 Aenean
402 1893 540 1949 manifeste
550 1896 660 1950 numine
669 1893 742 1961 ferri,

163 1968 285 2022 admonet
293 1968 331 2021 ira
342 1967 430 2032 deum,
445 1969 596 2041 tumulique
604 1976 664 2024 ante
674 1985 720 2025 ora
729 1978 862 2028 mentes.

162 2042 232 2116 Ergo
241 2042 381 2097 concilium
392 2060 529 2116 magnum,
543 2044 697 2116 primosque
705 2061 822 2103 suerum

109 2127 147 2170 235
162 2117 273 2188 imperio
281 2118 384 2182 accitos,
397 2117 448 2172 alta
459 2118 525 2171 intre
536 2117 629 2173 limina
637 2119 717 2192 ungit.

163 2190 215 2245 Olli
225 2209 378 2256 convenere,
390 2191 530 2263 fluuntque
538 2191 572 2247 ad
582 2194 653 2267 regia
664 2191 755 2265 plenis

162 2273 226 2320 tecta
236 2267 295 2320 viis.
324 2265 401 2321 Sedet
409 2267 437 2320 in
450 2267 545 2321 mediis
557 2274 582 2321 et
592 2267 727 2323 maximus
736 2285 814 2335 aevu,

163 2347 188 2394 et
197 2340 300 2410 primus
310 2340 428 2412 sceptris,
439 2341 512 2395 hand
521 2340 585 2398 laete
596 2341 689 2407 fronte,
700 2342 830 2401 Latinus.

163 2417 249 2485 Atque
258 2414 301 2467 hie
312 2414 408 2487 legatos
418 2415 507 2470 Aetola
517 2434 550 2470 ex
563 2416 629 2472 urbe
638 2417 775 2483 remissos,

110 2495 148 2540 24⁰
164 2506 232 2561 quae
240 2487 359 2553 releuant,
372 2489 420 2543 lari
431 2491 512 2555 iubet,
523 2499 548 2546 et
561 2508 686 2563 responsa
698 2495 817 2563 reposuit

163 2562 425 2622 urdineennetasuo.
459 2566 528 2619 Tum
538 2565 603 2620 laeta
615 2565 719 2622 silentia
729 2567 849 2645 linguis,

157 2653 184 2705 et
198 2642 323 2704 Venulus
332 2642 404 2703 dicte
412 2658 511 2718 parens
519 2638 723 2696 imlmimmtui
