1846 3052
133 165 184 220 232
299 170 329 215 P.
349 131 713 216 v1no1u11nanou1s

78 282 118 325 ³35
133 269 227 326 Navita
236 285 303 340 quos
312 268 366 324 iam
375 267 437 323 inde
446 275 476 322 ut
486 266 577 340 Stygia
587 266 726 338 prospexit
734 265 769 319 ab
779 281 815 319 un

133 363 180 416 per
189 344 295 398 tacitum
307 360 401 398 nemus
411 343 458 404 ire,
469 343 616 413 pedemque
625 340 762 395 advertere
770 339 815 411 rip

133 421 172 474 sio
181 418 252 489 prior
261 417 413 491 aggreditur
421 416 507 481 dictis,
523 423 601 486 atque
610 415 730 486 increpat
739 413 809 469 ultro

133 492 260 564 Quisquis
273 510 309 558 es,
326 499 442 547 armatus
457 492 504 562 qui
517 497 605 544 nostra
614 488 649 544 ad
658 487 772 544 flumina
781 496 815 543 ter

133 566 188 622 iare
196 584 253 639 age,
265 566 331 638 quid
339 567 441 630 veniae}
452 566 504 619 iam
514 565 601 630 istinc,
611 571 637 618 et
649 565 815 639 oomprimefi

625 656 699 694 sum.

80 726 118 769 eeu
133 715 293 770 Umbrarum
303 715 347 769 hic
355 713 427 769 loeus
437 721 484 777 est,
496 712 588 768 Somni
597 713 742 785 Noctisque
755 729 815 785 sopo

134 805 240 860 corpora
253 790 315 844 viva
325 789 397 844 nefas
407 789 498 863 Stygia
507 796 607 843 vectare
615 788 714 842 carina.

134 864 188 918 Neo
197 880 258 919 vero
267 863 376 918 Alciden
387 881 429 918 me
437 880 498 917 sum
509 863 617 917 laetatus
627 869 737 917 euntem

135 939 265 1010 accepisse
273 937 340 1002 lanu,
354 955 401 992 nee
411 938 510 992 Thesea
521 937 737 1007 Pirithoumque:

134 1013 176 1067 dis
187 1030 349 1085 quamquam
361 1013 443 1086 geniti
454 1021 532 1084 atquo
542 1011 633 1067 invicti
643 1011 748 1066 viribus
761 1026 815 1065 esse

80 1097 119 1142 395
133 1089 286 1143 Tartareum
295 1087 341 1141 ille
349 1104 431 1142 manu
440 1086 574 1141 custodem
585 1087 612 1140 in
623 1085 711 1140 vinela
720 1084 815 1158 petiuit¹

134 1164 220 1234 ipsius
229 1180 244 1217 a
252 1161 318 1217 solio
330 1162 408 1234 regis,
420 1162 551 1232 traxitque
562 1166 732 1214 trementem:

134 1238 164 1293 hi
174 1237 309 1293 dominam
318 1237 383 1291 Ditis
392 1236 507 1291 thalamo
516 1235 644 1290 deducere
653 1234 748 1290 adorti.

135 1310 208 1377 Quae
216 1320 304 1366 eontra
314 1311 427 1366 breviter
435 1310 486 1365 iata
496 1318 534 1364 est
543 1309 707 1383 Amphrysia
717 1302 813 1373 vateszi

134 1386 229 1441 Nullae
238 1386 282 1440 hie
291 1385 402 1440 insidiae
412 1384 489 1452 tales;
510 1385 607 1439 absiste
616 1384 733 1453 moveri3

80 1467 121 1513 iot
136 1477 183 1514 nee
192 1461 248 1515 vim
258 1460 307 1515 tela
319 1460 412 1514 ferunt.
442 1460 512 1514 Licet
521 1460 614 1532 ingens
624 1459 721 1513 ianitor
729 1466 800 1513 antro

135 1541 270 1589 aeternum
280 1533 378 1589 latrans
390 1551 538 1607 exsangues
548 1541 641 1588 terreat
653 1533 777 1601 umbras3

135 1615 205 1663 casta
215 1607 273 1661 lieet
282 1610 367 1678 patrui
379 1617 464 1663 servet
472 1609 626 1678 Proserpina
636 1606 728 1662 limen.

136 1683 230 1737 Troius
239 1683 349 1746 Aeneas,
361 1684 455 1754 pietate
464 1684 578 1756 insignis
588 1690 613 1737 et
622 1683 715 1750 armis,

136 1757 169 1810 ad
177 1757 321 1829 genitorem
331 1757 398 1810 imas
408 1757 487 1812 Erebi
496 1757 628 1811 deseendit
637 1756 672 1810 ad
680 1758 800 1812 umbras.

24 1864 27 1871 ·
80 1837 121 1883 405
135 1830 163 1885 Si
177 1838 200 1884 te
210 1829 283 1884 nulla
293 1838 381 1886 movet
389 1839 475 1886 tantae
483 1832 585 1903 pietatis
597 1832 698 1904 imag03

135 1912 161 1959 at
170 1921 275 1959 ramum
284 1904 357 1959 hune
364 1904 455 1978 (aperit
464 1923 576 1970 ramum,
588 1906 635 1976 qui
648 1912 721 1960 veste
729 1905 815 1961 latebat

135 1995 271 2052 agnoscas.
300 1979 413 2034 Tumida
423 1998 456 2034 ex
465 1981 504 2034 ira
513 1988 569 2034 tum
583 1979 659 2034 eorda
672 1980 802 2035 residunt.

135 2054 188 2108 Neo
197 2052 273 2124 plura
282 2054 335 2109 his.
365 2055 411 2109 lile
420 2055 553 2109 admirans
567 2054 715 2110 venerabile
727 2055 815 2110 donun

135 2126 220 2182 fatalis
230 2129 327 2202 virgae,
340 2128 418 2201 longo
426 2137 485 2199 post
494 2136 609 2200 tempore
621 2129 722 2194 vuum,

80 2208 120 2254 41⁰
135 2201 395 2258 caeruleamadvertit
404 2204 525 2274 puppim,
538 2204 663 2275 ripaeque
671 2205 815 2276 propinqua

68 2285 71 2289 ’
135 2275 199 2331 Inde
208 2275 273 2331 aiias
283 2278 393 2341 animas,
406 2296 473 2349 quae
482 2278 599 2351 perioga
610 2277 688 2350 longa
697 2279 813 2333 sedeban

135 2349 264 2415 deturbat,
277 2351 399 2423 laxatque
409 2352 492 2407 soros:
513 2351 595 2407 simui
605 2353 698 2422 eooipit
707 2352 784 2408 alveo

136 2424 269 2495 ingentem
278 2425 393 2480 Aenean.
423 2427 531 2482 Gemuit
539 2427 590 2481 sub
601 2427 717 2498 pondere
726 2426 815 2501 eymbr

136 2497 232 2562 sutilis,
244 2515 274 2552 ac
284 2499 395 2553 multam
406 2503 502 2572 aoeepit
511 2502 608 2556 rimosa
617 2500 754 2573 paludem.

81 2579 121 2625 415
136 2572 815 2648 Tandemtransssuviumineolumisvatemque'virun

137 2646 244 2703 informi
254 2647 472 2722 limoglaueaque
482 2651 589 2722 exponit
599 2650 627 2706 in
638 2649 712 2707 ulva,
735 2658 739 2679 ²
