1846 3052
141 183 339 229 AENEIDOS
357 183 428 229 LIB.
448 183 491 229 vl.
638 181 688 236 233

94 300 111 336 s
120 283 184 337 haee
192 284 287 356 ingens
297 282 390 338 latratu
399 299 479 356 regua
488 282 589 338 trifauci

94 356 196 412 adverso
205 358 334 413 recubans
347 358 472 412 immanis
482 358 509 412 in
520 366 604 414 antro.

100 431 205 486 horrere
215 432 307 487 videns
317 433 370 487 iam
379 431 444 487 eolla
453 431 578 497 eolubris,

94 514 179 560 ratam
191 515 216 561 et
225 507 359 561 medicatis
369 506 491 579 frugibus
501 506 579 561 offam
705 515 744 562 400

95 581 118 635 40
128 581 197 636 lame
206 581 297 635 rabida
306 581 355 634 tria
365 588 471 654 guttura
480 581 599 652 pandens

94 657 200 720 nectam,
212 663 290 727 atque
303 656 428 709 immania
438 662 508 728 terga
519 654 624 710 resolvit

94 731 119 793 ri,
132 737 236 802 totoque
245 732 340 803 ingens
354 730 503 784 extenditur
512 723 605 787 antro]

95 822 172 858 eneas
183 805 283 859 aditum
294 805 400 858 custode
409 805 520 875 sepulte,

95 879 161 932 celer
170 880 255 949 ripam
264 878 436 933 irremeabilis
446 878 543 933 undae.
705 886 744 932 trs

95 953 192 1008 auditae
201 970 289 1016 voces,
302 954 407 1027 vagitus
417 961 442 1007 et
451 954 554 1026 ingens.

95 1045 135 1097 [00
145 1027 248 1081 animae
258 1027 348 1082 flentes
361 1028 390 1082 in
404 1027 496 1083 limina
504 1027 605 1098 primo:

98 1120 111 1154 s
122 1103 189 1155 vitae
198 1110 321 1165 exsortes,
334 1109 359 1156 et
368 1102 401 1156 ab
411 1103 491 1156 ubere
500 1108 596 1171 raptos,

94 1193 121 1229 ra
131 1176 196 1239 dies,
209 1184 234 1230 et
245 1176 336 1230 funere
346 1177 437 1230 mersit
446 1175 548 1230 acerbe.

96 1249 161 1304 salso
169 1250 284 1304 damnati
296 1250 405 1304 erimine
414 1250 515 1304 mortis.
707 1255 747 1301 400

95 1342 137 1378 rae
152 1324 209 1380 siue
218 1333 286 1379 sorte
296 1324 379 1388 datae,
391 1323 552 1386 sineiudiee,
562 1321 665 1394 sedest

95 1399 181 1454 llinos
193 1416 288 1454 urnam
300 1405 401 1466 movet3
422 1397 467 1451 ille
476 1396 601 1451 silentum

95 1489 144 1544 que
154 1480 236 1538 vocat,
248 1474 370 1544 vitasque
379 1480 404 1526 et
412 1472 524 1526 crimina
534 1470 621 1525 discit.

97 1548 215 1603 adeinde
224 1556 313 1603 tenent
322 1547 414 1601 moesti
425 1546 487 1611 loca,
495 1546 542 1617 qui
551 1545 602 1600 sihi
612 1545 694 1601 letum

95 1640 200 1693 eperere
210 1640 300 1687 manu,
313 1621 452 1693 lucemque
461 1620 547 1692 perosi
710 1626 749 1672 ltt

95 1698 203 1751 animas.
232 1697 318 1764 Quam
336 1696 544 1751 vellentaethere
555 1694 644 1750 inulto

95 1772 220 1843 ruperiem
231 1780 255 1826 et
265 1771 346 1825 duros
356 1770 468 1842 perferre
478 1770 592 1824 labores!

95 1854 113 1912 t,
124 1846 246 1918 tristique
255 1845 332 1917 palus
342 1844 492 1900 inamabilis
501 1844 574 1899 unda

100 1921 190 1976 nevies
199 1920 266 1994 Styx
276 1920 401 1975 interfusa
411 1923 519 1975 coereet.

96 1992 697 2067 culhinepartemlusimonstranturinomnem
711 1998 751 2045 440

95 2070 187 2142 0000ρί;
208 2068 545 2127 sieillosnominedieunt.

100 2145 184 2200 durus
195 2161 268 2199 amer
277 2144 376 2199 crudeli
386 2144 445 2197 tabe
453 2141 561 2213 peredit,

97 2227 143 2274 ant
151 2219 238 2283 calles,
251 2227 276 2273 et
285 2227 384 2292 myrtea
394 2218 493 2272 circum

96 2312 111 2348 ;:
134 2310 274 2349 eumenen
289 2294 345 2364 ipsa
356 2293 383 2346 in
394 2299 476 2345 morte
485 2288 667 2359 relinquunt}

96 2368 170 2425 dmm
184 2369 345 2440 Procriuque
360 2367 431 2429 loeis,
448 2371 628 2435 moestamque
641 2361 702 2417 Eri·
715 2366 754 2414 445

450 2438 564 2512 phylen,

96 2517 137 2577 tati
147 2525 336 2573 monstrantem
346 2514 465 2579 vulnera,
477 2514 568 2576 cernit,

96 2592 356 2666 tue,etPasiphae'n:
378 2590 420 2644 his
430 2587 571 2644 Laodamia
683 2654 690 2668 ὓ

106 2674 133 2724 et
141 2667 246 2727 iuvenis
255 2665 401 2740 quondam,
412 2681 484 2721 nunc
493 2662 599 2726 femina,
612 2657 715 2723 Caenis,
