1846 3052
182 257 230 309 118
342 263 372 306 Ρ.
393 257 564 307 VIRGILH
579 256 751 304 Mauoms

179 361 274 417 Troius
284 359 393 424 Aeneas,
405 357 511 432 Libyeis
522 364 627 430 ereptus
635 357 669 412 ab
677 355 769 412 undis.

180 436 267 491 Osola
276 433 397 489 infandos
410 433 501 487 Troiae
510 432 632 486 miserata
641 431 752 497 labores.

179 527 247 582 quae
255 527 313 576 nos,
327 507 461 580 relliquias
471 508 598 573 Danaum,
613 512 748 579 terraeque
757 506 887 579 marisque

178 583 304 639 omnibus
312 583 453 639 exhaustos
462 581 515 635 iam
524 582 638 646 casibus,
652 581 774 636 omnium
784 598 884 655 egenos,

126 669 165 712 uuo
179 659 254 725 urbe,
266 657 345 714 domo
355 657 445 720 socias,
457 663 543 730 grates
552 655 700 728 persolvere
709 655 805 729 dignas

180 751 232 789 non
241 734 299 804 opis
307 740 346 788 est
355 739 466 796 nostrae,
478 730 552 796 Dido,
563 747 612 786 nee
620 730 753 804 quidquid
762 730 900 803 ubiquaeu

179 807 264 881 gentis
273 807 425 870 Dardaniae,
438 822 566 880 magnum
577 822 645 878 quae
653 822 744 876 sparsa
753 822 800 877 per
808 806 897 861 orbem.

179 884 211 936 Di
219 882 277 948 tibi,
289 883 374 953 siqua
385 882 442 952 pios
452 887 596 951 respectant
606 880 726 945 numina,
737 880 837 952 siquid

177 973 294 1029 usquam
305 956 402 1012 iustitia
412 961 459 1020 est,
474 962 499 1010 et
508 973 584 1009 mens
593 954 645 1009 sibi
654 955 757 1009 eonscia
767 958 840 1021 recti,

46 1031 47 1034 ’
126 1042 165 1084 6⁰5
179 1032 294 1103 praemia
305 1030 384 1104 digna
393 1028 486 1084 ferant.
507 1027 578 1095 Quae
587 1036 612 1084 te
622 1037 674 1085 tam
686 1028 752 1084 laeta
762 1028 877 1084 tulerumt

180 1103 300 1161 saeeula‘i
318 1105 365 1177 qui
375 1103 527 1159 tantitaiem
536 1121 650 1177 genuere
658 1101 799 1176 parentes?

180 1181 211 1236 In
219 1178 284 1235 freta
292 1178 357 1234 dum
367 1177 441 1233 fluvii
452 1185 566 1243 current,
579 1178 645 1233 dum
656 1178 792 1233 montibus
800 1178 900 1234 umbrae

180 1253 330 1310 lustrabunt
340 1271 465 1319 convexa,
486 1251 563 1324 polus
572 1253 638 1308 dum
647 1252 732 1308 sidera
741 1261 839 1324 pascet,

180 1347 284 1402 semper
295 1328 379 1384 honos
392 1344 541 1400 nomenque
551 1335 638 1394 tuum,
652 1327 798 1457 lquetsque
811 1344 894 1385 maue-

687 1420 725 1456 un
738 1443 745 1467 ,

127 1488 165 1530 ero
180 1496 248 1548 quae
258 1496 300 1532 me
308 1495 413 1549 cunque
422 1484 516 1533 vocant
524 1483 615 1530 terrae.
636 1475 767 1542 Sier'atus‚
779 1477 889 1533 amioum

180 1553 276 1608 Ilionea
287 1553 351 1624 petit
360 1554 459 1618 dextra,
472 1551 597 1623 laevaque
607 1550 753 1619 Serestum

181 1635 239 1699 post
248 1627 322 1692 alios,
334 1627 479 1699 sortemque
489 1625 574 1700 Gyan,
585 1624 730 1698 fortemque
739 1625 899 1682 Cloanthum.

219 1700 361 1772 Obstupuit
370 1702 456 1771 primo
465 1700 589 1772 adspectu
598 1699 704 1756 Sidonia
712 1700 788 1767 Dido,

180 1792 243 1830 easu
252 1774 346 1829 deinde
356 1775 406 1829 viri
415 1782 499 1840 tanto;
520 1781 545 1829 et
554 1775 593 1829 sie
603 1792 647 1829 ore
656 1774 740 1829 locuta
750 1783 803 1830 est:

129 1861 167 1902 615
182 1849 248 1916 Quis
257 1857 291 1913 te,
304 1856 363 1903 nate
372 1848 430 1914 dea,
441 1866 487 1920 per
496 1856 567 1903 tanta
576 1847 691 1921 pericula
700 1866 779 1903 casus

182 1922 347 1994 insequitur?
364 1941 431 1996 quae
441 1924 483 1979 vis
493 1924 655 1979 immanibus
665 1923 778 1995 applicat
786 1923 870 2004 oris‘d

182 1999 256 2052 Tune
268 1996 312 2052 ille
321 1998 430 2060 Aeneas.
442 2015 522 2070 quem
532 1998 661 2053 Dardanio
670 1998 802 2054 Anchisae

182 2072 251 2128 alma
260 2072 350 2127 Venus
360 2073 469 2146 Phrygii
478 2073 569 2146 genuit
580 2072 720 2127 Simoentis
730 2072 764 2128 ad
773 2071 889 2129 undam?

181 2148 268 2218 Atque
277 2147 398 2220 equidem
408 2149 538 2202 Teucrum
547 2147 656 2202 memini
667 2147 764 2202 Sidona
773 2149 873 2211 venire.

130 2233 167 2275 520
183 2223 282 2277 finibus
292 2221 433 2294 expulsum
443 2223 544 2294 patriis,
559 2239 627 2278 nova
636 2238 716 2295 regna
727 2230 859 2293 petentem

183 2296 351 2352 auxilioBeii.
373 2296 479 2352 Genitor
488 2304 546 2352 tum
554 2295 631 2351 belus
641 2297 757 2368 opimam

183 2371 300 2425 vastabat
309 2371 435 2445 Cyprum,
448 2379 472 2426 et
481 2372 562 2426 victor
570 2371 667 2425 ditione
676 2371 788 2426 tenebat.

183 2445 310 2515 Tempore
322 2447 373 2500 iam
384 2463 416 2501 ex
426 2445 472 2501 illo
481 2462 558 2500 casus
567 2445 634 2500 mihi
642 2446 763 2518 cognitus
772 2446 849 2501 urbia

184 2518 318 2584 Tmianae‚
328 2537 476 2592 nomenque
485 2527 572 2582 tuum,
583 2536 711 2594 regesque
721 2520 835 2595 Pelasgi.

131 2605 169 2648 ⁶25
183 2595 242 2666 lpse
251 2592 334 2648 hostis
344 2593 455 2649 Teucros
465 2594 562 2669 insigni
573 2593 767 2659 laudaremus,

185 2685 265 2741 seque
274 2675 360 2722 ortum
373 2668 480 2740 antiqua
490 2670 649 2724 Teucrorum
658 2669 693 2724 ab
702 2668 783 2741 stirpe
792 2668 901 2726 volebat

182 2741 270 2814 Quare
279 2743 347 2823 agite
356 2743 463 2812 utentis,
473 2742 589 2810 iuuenes,
602 2742 730 2799 suoeedite
740 2745 848 2801 nostris.
