1846 3052
173 138 223 191 136
338 143 366 187 P.
386 138 556 186 VIRGILII
573 135 756 185 unnoms

172 240 291 298 caeruleo
298 239 400 314 pollens
408 240 527 294 coniunx
535 237 669 310 Neptunia
678 255 771 312 regno.

172 316 224 372 Sed
233 324 320 371 temen
330 322 466 370 externam
475 313 597 386 squamis
604 313 703 368 vestire
711 313 842 385 puellum,

118 402 158 448 005
172 390 323 462 infidosque
332 389 401 444 inter
409 396 526 444 tenerem
535 387 700 444 committere
708 389 799 460 pisces

174 464 342 521 nonstetuit:
363 463 479 518 nimium
489 461 915 536 estsvidumpccusAmplritrites.

162 539 264 607 ¹Aireis
276 539 365 610 potius
374 536 519 593 sublimem
528 535 637 591 sustulit
645 536 707 600 alis,

174 621 242 669 esset
254 620 285 667 ut
293 613 323 667 in
335 612 411 667 terris
420 611 481 666 iacti
489 611 523 666 de
535 611 643 667 nomine
654 610 737 680 Ciris,

174 688 243 744 Ciris
254 686 396 761 Amyclaeo
406 685 545 743 formosior
552 703 645 741 ansere
652 685 753 742 Ledae.

120 773 159 819 tte
174 762 212 818 Αο
221 761 330 817 velutin
343 762 421 816 niveo
430 769 531 816 tenerae
539 776 601 816 cum
609 761 737 832 primitus
746 778 801 818 ovo

174 835 276 910 effigies
287 836 430 891 animantis
438 843 464 890 et
472 835 618 890 internodia
628 836 761 891 membris

175 910 325 982 imperfecta
334 927 403 965 novo
411 908 517 965 fluitant
528 916 648 965 concretu
658 911 764 967 celem:

175 987 214 1041 sic
222 985 324 1114 liquido
333 983 435 1058 Scyllae
444 982 635 1040 circumfusum
645 1002 764 1056 sequere
773 1002 870 1058 corpus

176 1061 243 1116 semi
253 1060 291 1114 cri
300 1059 406 1115 incertis
413 1059 493 1116 etiem
503 1075 576 1114 nunc
582 1059 704 1130 pertibus
717 1069 794 1117 artus

121 1145 161 1190 005
176 1132 452 1207 undiquemutebe'nt,
462 1133 672 1206 utqueundique
682 1135 869 1193 mutabantur.

176 1209 237 1265 Oris
246 1210 330 1264 honos
339 1209 466 1282 primum,
476 1215 503 1263 et
511 1206 602 1263 multis
611 1215 699 1280 optate
709 1209 818 1276 labella,

175 1293 201 1338 et
209 1283 314 1356 patulae
323 1283 416 1339 frontis
425 1283 535 1355 species,
546 1298 713 1340 concrescere
722 1284 754 1340 in
762 1302 852 1341 unum

176 1375 291 1431 coepere,
302 1364 327 1413 ct
339 1358 430 1432 gracili
439 1365 559 1413 mentum
569 1356 714 1429 producere
723 1368 821 1416 rostro.

176 1434 255 1499 Tum,
267 1450 321 1505 qua
330 1451 358 1488 se
367 1432 485 1488 medium
495 1433 588 1503 ospitis
597 1431 745 1490 discrimen
753 1436 859 1509 agebat,

122 1520 161 1563 500
175 1524 234 1564 0000
243 1515 356 1579 repente,
368 1506 442 1563 velut
453 1507 551 1578 patrios
564 1507 683 1562 imitatus
692 1507 821 1575 honores,

176 1598 337 1655 purpuream
347 1582 480 1637 concussit
489 1599 556 1652 apex
565 1582 594 1636 in
603 1582 700 1638 vertice
707 1585 832 1641 mistam.

175 1659 210 1712 At
219 1655 308 1711 mollis
317 1656 404 1711 varios
414 1657 535 1711 intexens
547 1655 639 1727 pluma
648 1654 751 1713 colores

175 1747 354 1786 marmoreum
362 1729 464 1786 volucri
472 1730 577 1786 vestivit
585 1731 703 1804 tegmine
710 1748 821 1806 corpus,

175 1805 299 1876 lenteque
311 1812 450 1875 perpetues
462 1804 587 1860 fuderunt
598 1804 706 1860 brechia
714 1823 831 1878 pennas.

123 1892 161 1934 505
175 1879 239 1935 lude
248 1877 313 1933 alius
322 1885 418 1950 partes,
430 1879 568 1952 minioque
576 1878 670 1935 inlecta
679 1881 792 1939 rubenti

177 1971 253 2009 erum
263 1969 331 2008 nova
341 1952 438 2007 macies
447 1953 561 2009 obduxit
569 1954 692 2026 squalida
700 1954 777 2026 pelli,

176 2037 202 2084 et
211 2029 323 2102 pedibus
332 2027 429 2083 teneris
438 2045 543 2102 ungues
551 2028 661 2084 confixit
673 2038 775 2087 acutos.

175 2105 210 2158 Et
219 2111 307 2159 temen
316 2104 367 2158 hoc
376 2103 485 2158 demum
493 2104 604 2159 miserae
612 2120 769 2162 succurrere
777 2114 856 2179 pecto

176 2179 223 2233 vix
232 2177 317 2233 iuerat
326 2177 429 2251 placida
438 2179 554 2250 Neptuni
563 2179 676 2252 coniuge
687 2179 817 2254 dignum.

123 2264 162 2307 500
176 2254 321 2325 Nunquam
330 2253 405 2309 illem
413 2253 522 2325 posthac
530 2252 600 2309 oculi
612 2254 703 2310 uidere
711 2273 829 2313 suorum

176 2344 324 2399 purpureas
333 2327 401 2384 flavo
410 2329 565 2384 retinentem
576 2329 673 2386 vertice
682 2330 779 2401 vittss3

177 2418 230 2457 non
238 2401 372 2458 thalamus
381 2405 461 2477 Tyrio
470 2402 590 2477 fragrans
599 2405 698 2476 accepit
705 2423 826 2474 amomo,

176 2475 267 2532 nullae
275 2477 349 2532 illem
358 2478 444 2533 sedes.
473 2478 607 2546 Ouidium
619 2495 682 2534 cum
695 2480 809 2538 sedibus
819 2484 877 2540 illi?

174 2573 247 2634 quae
258 2552 343 2614 simul
349 2560 382 2612 ut
390 2571 449 2610 sese
455 2570 521 2610 enno
528 2553 561 2608 <le
569 2555 674 2627 gurgite
682 2554 764 2612 velox

109 2648 155 2696 505
169 2655 241 2699 cum
251 2633 394 2699 sonitum
402 2628 858 2696 coelumsmucntncsmucun.
