1846 3052
131 179 325 227 AENEIDOS
344 179 413 225 LIB.
424 179 478 225 ·1x.
629 174 677 227 303

92 296 118 333 er
128 288 207 334 terras
216 296 308 333 omnes
318 279 440 333 animalia
451 295 544 334 somno

92 372 147 409 uras
156 361 181 408 et
190 353 267 408 eorda
275 352 354 408 oblita
364 353 498 409 laborum:
693 362 731 406 225

92 433 196 484 suerum
206 427 295 499 primi,
306 427 546 493 delectamentis,

92 503 197 559 rummis
207 502 281 576 regni
291 502 324 557 de
332 502 411 557 rebus
420 502 560 566 habebant,

92 585 132 643 nt,
145 577 239 649 quisve
248 576 349 632 Aeneae
357 577 409 631 iam
420 577 530 631 nuntius
539 583 621 645 essen

92 671 102 706 s
113 652 203 707 adnixi
213 651 304 716 hastis,
316 658 341 706 et
350 659 423 706 scuta
432 658 556 715 tenentes,

92 735 116 781 et
124 727 210 797 campi
220 726 314 780 medio.
342 726 411 779 Tum
421 727 501 781 Nisus
510 732 535 780 et
543 731 611 781 une'
692 734 732 778 230

92 800 217 856 eniestim
227 800 324 855 alacres
334 799 464 855 admittier
472 808 560 867 orant3

92 895 138 941 rm,
146 877 312 948 pretiumque
320 892 408 930 meme
417 874 481 930 iore.
491 875 597 929 Primus
608 872 683 931 iulus

93 951 169 1012 nidos,
181 967 211 1004 ac
220 950 314 1005 Nisum
324 949 408 1004 dicere
419 949 507 1004 iussit.

93 1025 228 1099 yrtacides:
250 1024 623 1094 Auditeomentibusaequis‚

94 1117 160 1156 neve
169 1101 233 1153 haee
241 1099 336 1153 nostris
347 1106 496 1168 spectentur
507 1097 541 1151 ab
551 1098 637 1160 annis,
693 1107 732 1151 235

94 1191 136 1228 us.
165 1172 256 1228 Rutuli
266 1190 359 1227 somno
367 1174 483 1243 vinoque
492 1170 571 1226 soluti

93 1267 96 1316 ;
119 1249 203 1303 locum
215 1248 318 1302 insidiis
329 1246 515 1318 conspeximus
525 1246 586 1318 ipsi,

93 1342 105 1377 n
115 1323 187 1378 bivio
196 1331 293 1394 portae,
302 1339 371 1393 quae
380 1321 499 1392 proximu
508 1328 600 1391 pont03

95 1415 169 1469 guse,
182 1406 288 1468 aterque
297 1396 330 1451 ad
339 1396 424 1450 sideru
432 1394 524 1450 fumus

93 1473 104 1525 ri
115 1474 229 1526 Fortuna
238 1471 388 1542 permittitis
400 1471 448 1535 uti,
692 1477 732 1523 240

99 1547 202 1602 Aenean
213 1546 247 1601 ad
258 1548 359 1601 moenia
369 1544 499 1600 Pallantea

93 1640 124 1675 m
137 1621 237 1694 spoliis,
251 1622 350 1694 ingenti
359 1621 436 1675 caede
446 1627 555 1692 peracta,

93 1697 144 1750 etis.
174 1698 227 1750 Nec
236 1713 284 1750 nos
294 1697 337 1750 via
346 1695 412 1750 fallit
421 1703 525 1751 euntes:

93 1772 185 1825 >scuris
195 1771 307 1842 primam
319 1771 370 1826 snb
380 1770 496 1834 vallibus
505 1769 600 1825 urbem

93 1846 279 1900 iduoettotnm
290 1847 586 1919 cognovimusamnem.
693 1852 732 1898 245

93 1921 170 1991 gravis
179 1927 258 1992 atque
266 1921 348 1975 enimi
358 1929 478 1976 maturus
490 1919 589 1975 Aletes:

93 2013 192 2066 ¹uorum
201 2013 304 2067 semper
314 1997 366 2051 sub
377 1996 487 2051 numine
496 1995 572 2049 Troia
581 2000 628 2057 est,

97 2071 206 2125 omnino
215 2071 328 2124 Teucros
340 2070 426 2125 delere
434 2068 540 2141 paratis,

93 2163 98 2196 r
109 2145 210 2200 animos
221 2145 348 2200 iuvenum
358 2154 382 2199 et
392 2153 444 2199 tam
455 2150 522 2197 certa
531 2138 633 2196 tulistis

95 2219 407 2284 ememorens,hnmer0s
417 2218 574 2288 dextrasque
582 2216 684 2272 tenebat
694 2226 733 2270 25⁰

100 2301 125 2348 et
134 2293 238 2349 vultum
248 2292 364 2349 lacrimis
373 2300 452 2364 atque
460 2308 505 2344 ora
516 2291 628 2363 rigebat:

93 2387 107 2432 ι,
120 2386 188 2440 quae
197 2369 287 2441 digna,
302 2368 362 2432 viri,
374 2385 421 2439 pro
431 2365 555 2421 laudibus
565 2366 622 2420 istis

94 2461 141 2497 isse
151 2461 207 2498 rear
217 2442 303 2498 solvi?
320 2441 499 2497 Pulcherrima
508 2441 625 2512 primum

94 2535 118 2572 re
126 2518 227 2572 dabunt
236 2517 330 2573 vestri:
350 2524 408 2572 tum
421 2523 502 2572 eetera
511 2515 601 2571 reddet

96 2610 128 2645 us
137 2594 246 2656 Aeneas,
259 2600 337 2664 atque
346 2593 447 2666 integer
455 2591 512 2647 aevi
583 2591 584 2594 ’
695 2599 734 2643 255

94 2668 175 2722 meriti
186 2667 250 2723 tenti
260 2684 313 2724 non
323 2668 465 2728 immemor
473 2682 611 2743 unquam.
