1846 3052
253 426 827 531 nrnnnsururmus

428 618 633 629 *—

203 697 254 763 Tu
265 724 373 780 quoque
382 707 503 762 litoribus
513 708 620 773 uostris,
632 708 730 764 Aeneia
739 710 841 774 nutrix,

165 789 296 838 aeternam
307 783 422 837 moriens
432 781 539 846 famam,
552 781 648 846 Caieta,
659 782 771 852 dedisti3

165 863 191 911 et
201 872 273 911 nuuc
280 864 366 912 servat
375 856 459 911 honos
468 856 556 911 sedem
568 864 640 922 tuus,
652 874 768 930 ossaque
778 874 871 914 nemen

165 931 290 1002 Hesperia
299 931 327 986 iu
338 948 443 1004 magna.
455 931 479 984 si
489 948 543 1002 qua
551 930 733 1004 estangliam,
744 933 843 1007 signat.

112 1015 124 1058 5
165 1004 199 1061 At
208 1005 270 1077 pius
279 1006 414 1078 exsequiis
423 1005 523 1060 Aeneas
532 1005 581 1061 rite
590 1005 695 1072 solutis,

168 1097 264 1154 aggere
272 1081 417 1152 eomposito
427 1080 534 1145 tumuli,
546 1087 687 1152 postquam
698 1080 750 1136 alta
758 1081 881 1153 quierunt

74 1219 77 1224 ¹
166 1172 289 1226 aequora,
301 1154 383 1210 tendit
392 1155 441 1211 iter
451 1154 526 1220 velis,
538 1162 699 1228 portumque
708 1154 846 1227 relinquit.

166 1227 310 1301 Adspirant
319 1246 398 1285 aurae
406 1229 435 1284 iu
444 1236 555 1294 noctem,
567 1246 616 1285 nee
625 1229 738 1285 eandida
747 1247 844 1285 cursus

167 1303 332 1378 lunanegat3
353 1303 472 1376 splendet
480 1303 593 1359 tremulo
601 1304 654 1359 sub
663 1303 768 1360 lumine
776 1312 880 1377 pentus.

112 1387 139 1431 1⁰
167 1379 290 1434 Proxima
299 1379 418 1434 Circaeae
427 1378 556 1434 raduntur
564 1378 640 1434 litora
648 1385 741 1445 terrae,

167 1451 242 1508 dives
252 1454 397 1509 inaoeessos
406 1453 454 1508 ubi
462 1453 531 1509 Solis
540 1452 596 1508 filia
604 1453 678 1509 lueos

168 1527 275 1582 assiduo
284 1535 387 1583 resonat
394 1535 483 1592 mutu,
498 1529 624 1600 tectisque
633 1526 757 1599 superbis

167 1601 221 1655 urit
231 1601 364 1656 odoratam
374 1610 502 1658 nocturna
511 1602 539 1658 iu
550 1603 652 1657 lumina
661 1601 784 1667 cedrum,

167 1682 260 1748 arguto
269 1683 361 1730 tenues
370 1693 526 1747 percurrens
536 1677 637 1748 pectine
645 1676 719 1731 telas.

113 1758 139 1802 15
166 1750 234 1805 Hine
243 1750 362 1805 exaudiri
372 1751 487 1823 gemitus
497 1751 604 1823 iraeque
613 1750 730 1814 leonum,

167 1824 255 1879 vinela
264 1833 443 1890 recusantum,
455 1832 480 1881 et
489 1842 546 1880 sera
554 1826 606 1881 sub
616 1833 691 1881 noete
704 1823 865 1892 rudentum

169 1899 327 1972 setigerique
335 1916 407 1964 sues,
419 1907 498 1972 atque
506 1900 535 1955 in
543 1900 715 1971 praesepibus
723 1899 784 1953 ursi

169 1974 277 2039 saevire,
289 1990 320 2029 aa
328 1972 427 2029 formae
435 1991 593 2048 magnorum
602 1974 706 2030 ululare
717 1973 861 2044 luporum:

168 2064 237 2120 quos
246 2049 387 2104 homiuum
396 2067 431 2104 ex
442 2048 506 2104 facie
516 2048 564 2104 dea
573 2066 651 2106 saera
663 2048 818 2120 potentibus
825 2044 912 2103 herbis

114 2130 140 2175 20
168 2122 289 2178 induerat
299 2123 372 2179 Circa
381 2124 409 2179 in
420 2123 630 2197 vultusaetarga
639 2122 767 2178 ferarum.

169 2194 242 2262 Quae
252 2214 285 2252 ne
294 2206 411 2253 monstra
418 2198 457 2270 pii
465 2206 615 2269 paterentur
626 2197 688 2253 talia
697 2198 790 2262 Troes,

169 2270 248 2326 delati
259 2272 287 2326 in
297 2280 397 2344 portus,
410 2289 462 2328 neu
472 2271 548 2329 litera
555 2272 613 2328 dira
622 2273 752 2337 subirent,

169 2346 310 2417 Neptunus
318 2347 405 2403 uentis
414 2346 535 2420 implevit
543 2347 601 2403 vela
614 2347 748 2412 secundis,

170 2427 248 2492 atque
256 2418 348 2493 fugam
357 2420 436 2486 dedit,
449 2428 475 2477 et
483 2428 585 2493 praeter
593 2422 661 2479 vada
669 2421 770 2478 fervida
782 2423 869 2477 vexit.

114 2502 141 2548 2⁵
168 2494 277 2570 lamque
290 2495 444 2550 rubescebat
452 2496 534 2551 radiis
543 2514 624 2559 mare.
639 2504 664 2551 et
676 2495 781 2552 aethere
790 2497 827 2553 ab
836 2497 891 2553 alto

163 2571 271 2635 Aurora
282 2572 311 2632 in
321 2572 407 2631 roseis
416 2569 712 2648 ungebatiuteutuq'us3
