1846 3052
320 484 513 543 LIBER
558 484 770 545 NONUS.

208 682 238 746 A
288 690 871 765 eeediversapenitusdumpartegeruntur,

172 766 236 821 Irim
263 765 357 822 eeoelo
366 766 439 820 misit
447 765 569 822 Saturnia
577 766 645 821 Iuno

173 841 298 896 audacem
310 841 344 895 nd
356 841 486 896 Turnum.
516 841 589 896 Luae
597 847 656 896 tum
665 839 730 896 torte
739 843 855 913 parentia

171 914 289 971 Pilumni
299 915 405 971 Turnus
417 921 516 970 saerata
525 914 594 971 valle
602 914 719 971 sedebat.

117 1000 129 1044 e
170 989 212 1045 Ad
224 1006 304 1063 quem
314 990 352 1045 sie
361 1007 435 1046 roseo
443 989 631 1046 Thaumantias
640 1007 685 1045 ore
693 989 841 1048 loeutaest:

30 1070 36 1081 “
171 1066 269 1131 Turne,
280 1064 352 1137 quod
364 1065 462 1137 optanti
475 1064 568 1121 divdm
578 1065 729 1137 promittere
738 1083 818 1122 neme

172 1139 286 1206 auderet,
301 1139 430 1195 volvenda
441 1140 507 1205 dies,
517 1157 560 1205 en,
574 1138 661 1196 attulit
669 1139 753 1205 ultrei

172 1219 281 1280 Aeneas,
294 1215 369 1280 urbe,
381 1223 406 1270 et
414 1215 500 1276 sociis.
511 1221 537 1270 et
544 1213 627 1270 classe
634 1213 733 1279 relicta,

171 1296 271 1361 sceptra
280 1288 390 1344 Palatini
399 1289 542 1362 sedemque
550 1286 748 1360 petltEvaudri.

118 1372 144 1415 te
170 1364 224 1418 Nec
234 1363 311 1419 satis:
332 1371 462 1419 extremas
472 1363 580 1438 Corythi
589 1363 736 1436 penetravit
744 1362 779 1419 ad
787 1363 880 1433 urbes,

171 1438 359 1511 Lydorumque
372 1456 492 1505 manum,
503 1438 622 1495 collectos
631 1445 716 1494 armat
725 1446 853 1512 agrestes.

171 1510 241 1578 Quid
253 1512 378 1568 dubitas?
395 1515 473 1570 Nune
485 1521 590 1585 tempus
604 1531 701 1587 eques,
718 1529 792 1569 nuno
807 1529 909 1585 pneeere

661 1605 765 1643 currus.

171 1661 274 1732 Rumpe
283 1677 370 1715 moras
379 1678 481 1727 omnes,
493 1669 519 1716 et
527 1661 629 1719 turbata
639 1661 725 1734 arripe
735 1668 832 1719 eastra.

172 1735 252 1800 Dixit,
263 1735 326 1789 etin
336 1733 437 1790 eoelum
447 1736 555 1808 paribus
564 1754 592 1792 se
602 1735 711 1792 sustulit
719 1735 768 1791 alis
777 1755 784 1805 ;

118 1817 143 1860 15
171 1808 357 1882 ingentemque
366 1808 428 1883 luga
441 1811 524 1865 secuit
532 1811 584 1866 sub
593 1812 711 1867 nubibus
722 1828 826 1867 areum.

172 1883 287 1956 Agnovit
296 1883 410 1951 iuvenis,
421 1884 592 1957 duplicesque
601 1885 634 1941 ad
643 1886 729 1941 sidera
737 1884 842 1958 palmas

172 1957 288 2023 sustulit,
300 1965 325 2013 et
334 1958 379 2014 tali
388 1957 531 2034 fugientem
542 1968 581 2015 est
589 1977 652 2016 voce
662 1967 782 2016 secutus:

171 2032 215 2096 lri,
228 2032 308 2088 decus
316 2032 389 2100 eoeli,
401 2035 463 2106 quis
472 2042 497 2089 te
505 2035 571 2090 mihi
582 2035 701 2091 nubibus
710 2041 796 2090 actam

173 2105 265 2160 detulit
274 2107 301 2162 in
312 2108 411 2163 terrast
429 2109 503 2164 Unde
513 2109 639 2165 haeetam
648 2108 833 2181 clarerepente

118 2187 144 2232 2⁰
171 2181 329 2250 tempestas?
347 2183 462 2239 Medium
472 2184 548 2240 video
557 2184 688 2240 discedere
696 2183 809 2249 eoelum,

171 2252 342 2326 palantesque
352 2257 411 2327 polo
420 2257 518 2313 stellas.
546 2258 647 2331 Sequor
656 2259 745 2315 omina
755 2265 838 2323 tanta,

172 2329 296 2400 quisquis
309 2330 419 2386 inerma
432 2350 519 2388 vocas.
549 2334 582 2388 Et
591 2333 630 2389 sic
638 2333 730 2388 effatus
740 2336 774 2388 ad
786 2332 885 2388 undam

172 2403 305 2474 processit,
318 2407 572 2478 summoquehausit
580 2407 612 2463 de
622 2407 727 2482 gurgite
736 2406 870 2482 lymphas,

171 2477 428 2549 multadeosorans3
449 2482 620 2554 oneravitque
629 2483 733 2538 aethera
743 2484 821 2538 votis.

106 2563 136 2610 25
203 2557 320 2636 lamque
331 2555 421 2616 amnis
429 2556 532 2629 eampis
539 2557 843 2626 exereitus'matapertis,

52 2744 116 2751 mn..
