1846 3052
161 148 211 204 2l6
322 154 353 198 P.
372 150 735 201 v1Ro1L11MA1toaus

161 256 386 328 Pergameumque
398 253 492 307 barem
517 259 544 307 et
554 268 634 307 canae
646 249 889 322 senentiam

107 337 147 384 745
161 328 229 384 farre
236 328 282 400 pio
290 337 315 383 et
324 328 401 400 plena
410 327 524 398 supplex
532 333 671 384 renuatur
680 342 782 381 acerra.

198 403 338 475 Extemplo
346 403 429 458 socios
437 402 608 475 primumque
616 401 855 467 aroessitrloesten

162 486 187 534 ct
195 479 265 534 lovis
275 478 416 550 imperium
427 478 513 532 otcari
522 483 656 550 praecepta
665 476 787 548 parendo

162 553 257 618 edocet,
270 560 296 608 et
304 569 373 625 quae
381 568 453 607 nunc
461 552 550 607 animo
558 551 686 607 sententie
695 558 808 607 constet.

164 628 240 682 Haud
250 645 323 682 mora
332 626 463 690 consiliis,
485 642 533 681 nec
541 627 614 682 iussa
622 633 727 681 recusat
736 627 852 683 Acestes

109 713 148 756 750
162 703 365 757 Transscribunt
374 701 435 757 urbi
445 709 549 766 matres,
561 701 749 774 populumque
756 700 884 758 volentem

148 810 150 813 -
162 777 305 847 deponunt,
318 779 420 831 animos
429 776 467 831 nil
477 793 589 850 magnae
597 775 686 830 laudis
694 784 815 850 egentes.

163 852 216 923 Ipsi
230 859 341 906 transtra
355 858 462 916 novant,
475 850 643 925 flammisque
654 851 766 907 ambesa
777 856 899 923 reponunt

162 926 255 980 robora
265 926 391 999 navigiis3
413 933 503 997 aptant
511 942 650 998 remosque
659 927 849 1001 rudenteequrr,

163 1000 252 1074 exigui
263 1017 382 1063 numero,
393 1001 441 1055 sed
450 1001 519 1056 bello
527 1001 615 1058 viride
625 1001 720 1056 virtus.

109 1087 147 1129 755
162 1078 260 1130 Interea
269 1076 370 1130 Aeneas
378 1076 471 1131 urbem
480 1076 601 1149 designat
613 1082 707 1142 aratro,

164 1151 322 1222 sortiturque
331 1151 437 1218 domos;
460 1151 509 1206 hoc
518 1151 597 1206 Ilium
607 1150 706 1206 ethaeo
715 1148 775 1206 loca
784 1150 881 1206 Troiam
921 1147 923 1160 ⁴

163 1243 220 1281 esse
231 1225 313 1280 iubet.
343 1226 445 1281 Gaudet
452 1242 534 1299 regno
543 1226 672 1281 Troianus
681 1226 799 1291 Acestes.

163 1300 307 1372 indicitque
319 1300 414 1367 forum,
428 1308 454 1356 et
462 1301 580 1372 patribus
590 1300 635 1355 dat
642 1301 701 1355 iura
711 1302 822 1356 vocatis.

164 1376 232 1429 Tum
240 1375 326 1429 vicina
337 1376 412 1430 astrIs
422 1377 537 1449 EryeIno
545 1376 574 1431 in
583 1375 679 1430 vertice
685 1375 765 1431 aedos

111 1460 149 1502 tto
163 1448 289 1504 fundatur
298 1451 391 1504 Veneri
400 1449 504 1514 Idaliae,
516 1450 674 1523 tumuloque
682 1451 804 1506 sacerdos

164 1540 193 1578 ac
203 1523 280 1578 lucus
290 1524 340 1578 late
349 1542 421 1579 sacer
429 1525 534 1580 additur
543 1524 681 1579 Anchiseo.

164 1599 272 1668 Iamque
280 1598 336 1652 dies
350 1600 452 1671 epulata
463 1617 557 1654 novem
566 1617 631 1672 gens
639 1599 738 1664 omnis,
750 1607 776 1654 et
786 1599 838 1654 aris

164 1671 351 1738 lactushonos3
372 1673 468 1744 placidi
477 1682 625 1729 straverunt
634 1690 748 1746 aequora
757 1674 838 1739 venti,

164 1746 253 1800 creber
261 1754 286 1801 et
295 1747 434 1819 adspirans
443 1767 536 1804 misus
546 1756 620 1804 vocat
628 1749 725 1803 Auster
735 1749 764 1804 in
774 1749 862 1805 alaim.

110 1831 149 1874 765
163 1821 287 1875 Exoritur
298 1839 426 1892 procurva
436 1823 530 1896 ingens
539 1841 585 1895 per
598 1823 672 1879 litora
681 1823 772 1893 fletus;

163 1895 293 1967 complexi
303 1897 570 1970 intersenoctomque
578 1899 702 1970 diemque
710 1907 855 1956 morantur.

164 1972 237 2041 Ipsae
247 1971 300 2025 iam
309 1980 415 2039 matres,
426 1973 486 2044 ipsi,
499 1973 598 2045 quibus
607 1990 698 2045 aspera
707 1974 843 2045 quondam

164 2046 221 2100 visa
230 2047 311 2101 maris
320 2046 406 2114 iacies,
418 2056 444 2102 et
453 2065 506 2102 non
515 2047 648 2103 tolerabile
657 2065 763 2114 nomen,

165 2122 203 2175 ire
212 2120 313 2187 volunt,
325 2139 484 2195 omnemque
494 2122 570 2196 lagae
579 2122 692 2195 perferre
701 2122 828 2179 laborem.

111 2206 150 2248 rto
164 2194 235 2260 Quos
245 2196 331 2251 bonus
341 2200 442 2252 Aeneas
453 2198 529 2252 dictis
539 2198 637 2252 solatur
647 2199 749 2264 amicis,

165 2272 392 2344 etconsanguineo
400 2273 539 2327 lacrimans
549 2273 714 2328 commendat
722 2272 840 2328 Acestae.

164 2345 227 2398 Tres
236 2345 315 2418 Eryci
326 2346 431 2412 vitulos,
443 2356 468 2402 et
477 2349 686 2419 Tempestatibus
695 2365 792 2422 agnam

164 2419 269 2473 caedere
277 2419 371 2475 deinde
380 2422 460 2486 iubet,
472 2422 592 2494 solvique
600 2439 634 2478 ex
643 2422 735 2478 ordine
743 2422 844 2479 funem.

164 2495 231 2564 Ipse,
243 2501 322 2565 caput
331 2502 419 2551 tonsae
428 2496 497 2552 loliis
507 2499 626 2553 cvirrctus
635 2497 728 2562 olivae,

111 2579 150 2623 775
164 2576 236 2623 stans
248 2569 340 2641 procul
355 2571 383 2625 in
398 2588 475 2644 prora
484 2580 599 2643 pateram
608 2580 685 2637 tenet,
697 2580 813 2646 extaque
822 2572 895 2628 salsa

152 2645 269 2722 porricit
277 2645 307 2706 in
317 2645 428 2717 fluctus,
439 2665 470 2705 ac
477 2646 789 2718 uinaliquentxaianda.
