1846 3052
268 108 463 157 nnumnos
482 111 551 157 LIB.
570 113 605 158 X.
758 107 808 162 3d7

64 206 458 280 deneaemagnidextracadis.
488 208 687 281 Increpatultro
822 220 863 266 etc

65 287 218 337 cunctantes
227 282 319 347 socios,
331 290 356 336 et
365 291 432 337 terra
441 283 560 339 sublevat
569 285 668 355 ipsum,

66 355 198 429 sanguine
209 362 354 427 turpantem
365 365 463 412 comtos
472 358 505 412 de
514 375 585 412 more
594 359 709 429 capillos.

104 430 204 486 Interea
213 431 314 503 genitor
323 432 439 486 Tiberini
449 432 482 486 ad
491 431 609 486 {luminis
618 432 718 487 undam

66 503 177 559 vulnera
187 504 299 558 siccabat
308 504 434 578 lymphis,
446 522 593 577 corpusque
604 506 707 561 levabat

67 578 170 635 arboris
179 578 286 633 acclinis
294 586 394 634 trunco.
423 580 516 636 Procul
525 597 598 634 aerea
607 581 688 635 ramis
824 593 863 637 835

67 652 199 724 dependet
206 652 288 725 galea,
300 661 325 706 et
333 661 407 723 prato
415 654 506 727 gravia
517 671 590 708 arma
599 655 747 726 quiescunt.

66 726 144 783 Stant
156 725 214 780 lecti
224 727 323 780 circum
333 729 456 782 iuvenes:
477 728 534 799 ipse
545 745 630 800 aeger,
642 728 779 794 anhelans,

29 812 33 819 “
66 799 135 856 colla
144 798 222 866 fovet,
237 799 314 854 fusus
322 817 464 872 pmpexam
474 802 501 856 in
510 808 611 872 pectore
620 802 744 870 barbam3

66 874 153 931 multa
160 891 240 946 super
248 876 335 929 Lauso
343 876 445 948 rogitat,
460 875 610 948 multosque
619 877 735 940 remittit,

65 949 117 1023 qui
126 955 256 1014 revocent,
268 950 414 1021 moestique
422 949 505 1005 ferant
515 951 636 1005 mandata
644 950 767 1020 parentis.
825 960 864 1006 ela

65 1025 102 1081 ut
112 1024 231 1078 Lausum
241 1023 305 1077 socii
314 1024 462 1078 exanimem
472 1041 552 1094 super
561 1040 633 1078 arma
646 1023 762 1078 ferebant

13 1158 21 1181 f
64 1095 169 1161 flentes,
182 1097 324 1170 ingentem,
336 1104 415 1168 atqua
427 1098 527 1170 ingenti
536 1096 644 1152 vulnere
653 1097 762 1152 victum.

10 1184 19 1199 ⁵
64 1171 185 1245 Agnovit
194 1169 271 1249 longe
279 1172 407 1244 gemitum
416 1170 609 1244 praesagamali
619 1188 701 1225 mens.

12 1258 16 1265 '
64 1245 199 1302 Canitiem
209 1245 292 1300 multe
302 1245 428 1300 deformat
437 1244 553 1315 pulvere,
566 1252 591 1299 et
601 1245 692 1298 ambas

64 1319 101 1376 ad
112 1318 215 1375 coelum
224 1320 307 1387 tendit
318 1320 429 1390 palmas,
445 1326 470 1374 et
479 1335 584 1390 corpora
594 1319 717 1373 inhaeret.
826 1325 865 1372 845

64 1395 186 1449 Tantane
196 1410 238 1448 mc
247 1394 331 1448 tenuit
340 1393 456 1458 vivendi,
468 1401 536 1457 nate,
548 1392 678 1463 voluptas,

64 1475 100 1524 ut
109 1483 159 1540 pro
167 1483 210 1522 me
219 1467 308 1521 hostili
316 1466 560 1540 paterersuceedere
570 1466 684 1531 dextrae,

63 1558 152 1615 quem
161 1541 262 1615 genui?
274 1543 364 1596 Tuane
373 1542 437 1595 haec
445 1542 546 1614 genitor
554 1538 817 1612 pervulneraservor,

63 1621 155 1673 morte
162 1622 208 1669 tua
217 1615 330 1671 vivens?
348 1617 413 1681 Heu,
426 1616 605 1670 nuncmiserc
615 1614 681 1669 mibi
691 1614 800 1670 demum

63 1688 196 1746 exsilium
203 1688 309 1744 infelixl
336 1707 408 1744 nunc
419 1689 468 1743 alte
479 1689 578 1745 vulnus
587 1688 723 1743 adactum!
826 1699 865 1742 tet

63 1762 143 1820 Idem
153 1778 210 1836 ego,
222 1769 289 1827 nate,
301 1769 377 1817 tuum
387 1762 516 1818 maculavi
527 1763 637 1818 crimine
647 1779 752 1828 nomen,

62 1835 166 1911 pulsus
174 1836 209 1892 cb
219 1836 347 1893 iuvidiam
357 1837 423 1892 solio
434 1837 595 1908 sceptrisque
603 1836 730 1909 paternis.

63 1910 216 1967 Debueram
226 1911 323 1982 patriae
331 1928 428 1982 poenas
437 1911 558 1982 odiisque
567 1927 700 1965 meorum:

63 2001 163 2041 omnes
170 2001 218 2056 per
226 1991 322 2039 mortes
332 1986 448 2040 animam
457 1992 556 2040 sontem
568 1984 623 2054 ipse
632 1982 771 2037 dedissem.

63 2060 148 2117 Nunc
153 2059 227 2115 vival
240 2055 865 2131 nequeadhuehominesluoemquerelinquo1ess

62 2132 121 2191 Sed
131 2132 261 2205 linquam.
289 2132 374 2188 Simul
385 2133 434 2188 boc
443 2132 533 2186 diceus
544 2131 636 2185 attollit
645 2131 672 2183 in
682 2147 792 2203 aegrum

63 2226 99 2265 se
111 2205 212 2275 lemur3
233 2214 267 2272 et,
279 2223 441 2279 quamquam
452 2206 493 2260 vis
502 2202 553 2260 alto
562 2204 670 2258 vulnere
681 2205 772 2269 tardat,

62 2280 144 2339 baud
154 2280 278 2348 deiectus,
289 2298 387 2354 equum
399 2280 459 2335 duci
470 2280 551 2336 iubet.
576 2281 629 2333 lloc
636 2278 716 2334 decus
726 2279 774 2343 illi,

62 2356 120 2415 hoc
129 2355 245 2412 solamen
254 2363 321 2424 erat3
344 2354 420 2411 bellis
429 2356 478 2409 boc
487 2354 569 2408 victor
579 2353 668 2408 abibat

62 2429 204 2487 omnbius.
242 2429 392 2502 Alloquitur
401 2435 604 2493 moerentemet
614 2427 709 2482 talibus
720 2426 790 2482 infit:
825 2437 865 2481 att

64 2502 187 2570 nucem,
199 2502 245 2560 diu
255 2502 306 2576 (res
315 2504 338 2558 si
348 2521 400 2575 qua
410 2502 456 2557 diu
467 2502 621 2558 mortalibus
633 2500 687 2556 ulla
697 2499 745 2573 est)

64 2578 195 2637 viximm.
232 2578 289 2634 Aut
297 2578 378 2636 bodie
387 2577 469 2637 victor
479 2576 566 2654 spolia
573 2576 743 2635 illacrueute
