1846 3052
144 179 340 225 AENEIDOS
359 180 431 226 LIB.
451 178 516 226 vm.
651 173 701 228 293

94 296 110 343 ι,
121 278 189 334 inter
200 279 322 351 seposito
331 279 480 344 certamine,
492 295 565 352 reges

94 354 133 409 vis
142 362 202 408 ente
211 372 292 420 aram,
304 362 459 426 paterasque
468 360 593 420 tenentes,
717 361 756 407 elo

94 435 108 483 et
117 445 190 482 caesa
200 428 344 503 iungebant
353 427 455 485 loedere
463 445 551 500 poree.

94 502 134 557 eul
145 503 206 557 inde
214 503 280 558 citae
288 504 388 559 Metum
398 503 428 583 in
437 502 541 559 diversa
550 501 695 577 quadrigae

94 584 116 632 it
125 577 160 650 (at
167 586 198 632 tu
211 577 297 642 dietis,
308 577 423 643 Albane,
434 595 552 633 maneres
559 579 576 651 l)

96 670 129 706 ue
138 652 188 707 viri
199 652 331 709 mendacis
339 654 439 710 vueers
448 651 542 708 Tullus

94 745 121 792 n,
134 733 159 782 et
167 727 253 799 sparsi
262 727 522 801 rorabantsanguine
531 742 633 800 vepres.
716 732 755 778 666

94 802 260 873 larquinium
270 803 380 858 eiectum
392 802 504 858 Porsena
516 801 623 857 iubebat

98 877 252 950 ingentique
261 877 354 932 urbem
365 875 503 933 obsidione
508 875 656 949 premebnt3

103 952 130 1020 in
140 949 238 1006 ferrum
249 968 297 1023 pro
305 951 422 1007 libertate
429 951 548 1008 ruebant.

95 1026 197 1099 ignenti
206 1024 329 1092 similem,
340 1024 508 1098 similemque
517 1025 631 1081 minanti

95 1118 122 1165 s,
144 1108 250 1172 pontem
258 1099 365 1156 auderet
373 1100 446 1172 quod
454 1100 549 1156 vellere
558 1098 656 1163 Cocles,
717 1110 755 1152 666

95 1174 210 1229 nvinclis
221 1174 323 1230 innaret
332 1174 428 1231 Cloelia
438 1175 533 1247 ruptis.

95 1257 203 1304 deustos
212 1249 336 1320 Tarpeiae
344 1249 461 1304 Manlius
469 1249 537 1302 arcis

95 1324 214 1396 »templu
225 1331 250 1378 et
259 1322 386 1395 Capitolia
394 1322 463 1378 celsa
472 1322 584 1388 tenebat,

95 1416 138 1471 que
147 1416 236 1454 recens
249 1397 370 1454 horrebat
379 1397 451 1471 regia
459 1396 556 1452 culmo.

95 1473 206 1529 muratis
214 1470 326 1529 volitans
336 1479 474 1547 argenteus
483 1488 560 1528 anser
716 1482 753 1524 666

95 1567 110 1609 s.
124 1548 213 1604 Gallos
226 1548 254 1603 in
264 1548 356 1604 limine
365 1546 465 1613 adesse,
476 1546 600 1615 canebat,

95 1623 189 1680 dumos
198 1623 313 1689 aderant,
325 1639 465 1694 niuemque
474 1621 605 1686 tenebunt,

95 1698 183 1753 nebris
193 1705 218 1752 et
227 1697 296 1753 dono
306 1697 389 1754 noctis
398 1713 505 1769 opacae:

95 1773 173 1828 series
182 1772 252 1838 ollis,
264 1781 342 1846 atque
351 1790 429 1828 aurea
437 1772 533 1840 vestis;

95 1846 289 1922 noentsagulis3
311 1855 367 1904 tum
377 1845 457 1903 laeteu
465 1845 532 1902 eolla
713 1853 753 1897 666

95 1929 213 1992 ciuntur3
234 1922 287 1978 due
296 1923 411 1995 quisque
419 1921 515 1994 Alpina
523 1926 662 1974 coruscant

95 2016 135 2063 nu,
148 1998 230 2053 scutis
239 1998 345 2069 protecti
355 2014 462 2069 eorpora
471 1994 565 2068 longis.

95 2080 175 2128 lantes
185 2071 277 2132 Salios.
290 2071 430 2144 nudosque
436 2071 577 2141 Lupercos,

95 2165 141 2220 que
149 2148 245 2219 apinae,
257 2156 283 2202 et
292 2146 365 2217 lapsa
374 2144 468 2201 ancilia
476 2142 548 2199 eoelo

99 2230 211 2290 ;castae
219 2221 348 2277 dueebnnt
356 2236 428 2275 saera
437 2235 484 2291 per
492 2216 586 2273 urbem
714 2225 753 2270 666

95 2305 167 2352 latres
178 2297 205 2351 in
219 2295 354 2353 mollibus.
384 2295 451 2350 Hinc
459 2289 549 2365 procul
560 2289 632 2346 addit

103 2373 181 2427 etiam
191 2371 274 2435 sedas,
286 2369 337 2426 alta
345 2371 411 2425 ostia
420 2367 496 2433 Ditis,

96 2465 120 2502 m
131 2464 238 2519 peenas,
254 2454 280 2502 et
290 2453 322 2510 te,
334 2443 455 2509 Catilina,
466 2439 563 2500 minaci

96 2521 239 2594 nseopule,
251 2521 447 2591 Furiarumque
455 2534 500 2574 ora
513 2523 680 2581 trementem

96 2598 200 2669 iepios;
220 2594 447 2652 hisdantemiura
458 2591 590 2650 Catonem.
712 2597 751 2641 676

105 2672 201 2728 tumidi
208 2670 260 2728 late
267 2669 352 2728 maria
365 2669 422 2730 ibai
429 2670 521 2748 imago
