1846 3052
131 156 180 209 lli)
291 159 323 204 P.
342 156 515 205 VIRGILII
530 156 709 204 uARoms

79 312 84 317 .
133 259 175 314 vel
186 259 274 314 salicis
286 257 376 322 lentae,
393 256 434 312 vel
444 264 590 329 quaeuava
600 257 822 328 nascituraluus;

77 346 102 389 ⁵5
130 335 195 389 baec
205 342 306 388 teneras
317 331 441 386 fruticum
455 339 541 386 sentes
551 331 679 400 rimatur;
690 340 717 387 at
727 331 773 388 illa

131 408 254 462 imminet
263 407 347 462 inrivi
358 406 512 477 praestantis
522 406 649 479 imaginis
659 407 773 462 undam.

170 481 271 536 Obona
280 481 400 552 pasturis,
413 482 436 534 si
449 480 511 552 quis
521 497 573 535 non
584 481 712 552 pauperis
718 498 800 538 usum

133 564 221 610 mente
233 557 307 626 prius
318 556 392 610 decta
402 553 525 619 fastidiat,
538 564 563 608 et
571 554 729 624 prabetillis

133 630 221 684 omnia
233 629 354 684 luxuriae
363 629 453 701 pretiis
464 629 595 700 incognita
602 630 686 694 curis,

79 717 105 758 aa
134 720 202 774 quae
211 703 324 758 lacerant
332 703 423 758 avidas
433 703 541 757 inimico
550 710 652 773 pectore
662 711 777 759 mentae.

132 777 161 832 Si
172 794 225 833 non
235 778 345 850 Assyrio
354 776 451 832 luerint
460 777 502 831 bis
512 776 581 831 lauta
590 777 688 843 colore,

134 851 252 906 Attalicis
261 851 357 922 opibus
370 851 439 915 data,
450 851 559 918 vellera;
579 852 603 905 si
614 852 686 906 nitor
694 852 755 906 auri

135 925 186 980 eub
199 924 321 997 laqueare
329 924 425 980 dumus
435 925 556 980 animum
566 942 619 980 non
632 927 720 998 tangit
730 942 852 986 avarum:

138 1001 307 1072 picturaeque
315 999 404 1064 decus,
417 999 535 1071 lapidum
546 1016 594 1054 uec
603 998 694 1072 fulgor
704 1000 731 1054 in
745 1000 802 1056 ulla

82 1087 107 1130 tt
135 1075 256 1147 cognitus
264 1073 375 1128 utilitate
384 1081 485 1140 manet3
497 1073 646 1144 necpocula
656 1082 765 1146 gratum

137 1149 243 1204 Alconis
252 1147 492 1219 referentbeetique
502 1156 633 1203 toreuma:
647 1149 776 1203 neclndi

136 1223 249 1278 conchea
259 1223 336 1277 barca
346 1223 428 1276 maris
437 1223 519 1294 pretio
528 1228 582 1276 est:
603 1229 820 1294 atpectcrepuro

137 1315 214 1368 saepe
224 1314 302 1367 super
312 1305 400 1350 tenere
408 1296 549 1368 prosternit
557 1296 680 1368 gramine
688 1313 801 1368 corpus3

137 1370 227 1425 florida
237 1389 299 1425 cum
309 1371 386 1425 tellus
396 1378 558 1443 gemmantes
566 1370 634 1441 picta
644 1387 693 1441 per
702 1371 800 1426 herbas

84 1457 110 1498 70
139 1463 199 1499 vere
212 1453 283 1499 notat
291 1445 362 1499 dulci
372 1444 493 1499 distincta
502 1444 633 1499 coloribus
646 1461 725 1500 arva:

137 1528 216 1591 atque
228 1518 313 1583 illum,
326 1519 426 1574 calamo
436 1519 533 1573 laetum
547 1519 679 1574 recinente
686 1518 809 1590 palustri,

138 1594 243 1664 otiaque
254 1593 353 1647 invidia
364 1593 500 1667 degentem
513 1609 543 1647 ac
552 1591 642 1646 lraude
652 1601 765 1658 remota,

138 1667 333 1739 pollentemque
343 1668 405 1732 sibi,
417 1668 496 1721 viridi
506 1684 567 1721 cum
578 1667 687 1738 palmite
696 1667 789 1723 lucens

139 1739 239 1795 Tmolia
249 1740 390 1811 pampineo
399 1742 490 1797 subter
500 1758 575 1796 coma
586 1740 655 1795 velat
667 1742 779 1797 amictu.

85 1827 111 1869 ts
139 1814 179 1870 llli
190 1821 253 1868 sunt
264 1823 351 1886 gratae
361 1824 477 1870 rorantes
486 1815 550 1869 lacte
558 1814 681 1886 capellae,

139 1896 277 1952 etaemus,
288 1895 314 1942 et
326 1888 436 1959 secunda
447 1889 529 1954 Pales,
541 1897 566 1944 et
577 1889 695 1944 vallibus
708 1889 772 1944 imis

141 1979 246 2034 semper
254 1979 332 2033 opaca
343 1964 419 2016 nevis
430 1965 562 2018 manantia
575 1962 693 2017 lontibus
703 1972 790 2018 antra.

141 2038 207 2105 Quis
217 2037 301 2110 magis
310 2046 395 2108 optato
405 2047 549 2110 queatesse
559 2038 658 2092 beatior
666 2055 742 2103 aevo,

141 2128 223 2185 quam
233 2113 280 2183 qui
291 2121 377 2167 mente
386 2111 475 2184 procul
486 2130 550 2183 pura
561 2129 697 2183 sensuque
705 2111 841 2183 probanda

89 2199 114 2240 aa
142 2205 195 2242 non
207 2187 298 2242 avidas
307 2188 412 2260 agnovit
423 2205 499 2258 opes3
521 2204 573 2241 non
583 2186 666 2240 tristia
677 2185 757 2253 bella,

145 2278 193 2316 nec
202 2260 305 2315 lunesta
315 2264 390 2316 timet
400 2262 502 2316 validae
511 2261 652 2314 certamina
662 2260 772 2329 classis;

145 2352 208 2399 non,
220 2330 312 2406 speliis
321 2337 386 2391 dum
397 2344 485 2390 sancta
495 2337 578 2390 Deum
587 2334 755 2407 fulgentibus
765 2344 838 2389 cruet

144 2408 250 2480 templa,
261 2408 302 2462 vel
313 2418 417 2464 evectus
428 2410 507 2464 finem
518 2409 684 2463 transcendat
693 2409 820 2476 habendi,

145 2484 284 2538 adversum
296 2485 381 2538 saevis
394 2484 462 2539 ultro
475 2492 551 2555 caput
561 2484 683 2538 hostibus
692 2483 779 2539 offen.

91 2571 116 2615 85
146 2558 186 2616 llli
198 2557 261 2613 laice
270 2557 335 2613 deus
345 2558 447 2622 colitur,
461 2576 512 2613 nou
523 2566 586 2621 arte,
597 2557 711 2628 politus3

143 2633 367 2698 illecolitlucns:
385 2633 655 2701 illiaffiffiltlmt
