1846 3052
184 135 217 188 8⁰
348 141 379 186 P.
398 137 571 185 VIRGILII
587 136 763 183 meliorus

184 257 304 304 munera,
316 255 370 293 non
380 237 433 292 illis
442 236 535 308 epulae
544 253 656 291 nocuere
666 245 800 308 repostae:

184 313 323 369 frondibus
333 321 359 368 et
367 313 440 367 victu
448 318 594 384 pascuntur
603 310 733 382 simplicis
742 312 856 382 herbum
912 330 922 356 ³

99 438 102 442 ,
185 387 278 460 ponula
288 395 352 443 sunt
361 386 445 442 fontes
455 386 561 459 liquidi,
576 392 655 457 atque
665 388 777 441 exercita
786 404 869 444 eursu

131 474 170 516 500
184 462 308 529 flumina3
330 480 378 517 neo
387 478 505 517 sommos
515 461 650 532 abrumpit
658 477 723 515 cura
732 461 863 518 salubres.
911 480 915 509 ÷

186 539 313 610 Tempore
322 554 375 592 non
387 536 439 591 alio
448 536 541 590 dicunt
549 535 704 608 regionibus
713 535 768 591 illis

185 614 318 685 quaesitas
326 612 361 666 ad
370 628 443 666 saara
451 611 534 666 hoves
543 610 662 676 lunonis,
674 618 700 665 et
709 610 768 665 uris

185 687 333 759 imparibus
343 686 438 741 ductos
445 685 497 740 5155
506 685 541 740 ad
549 685 658 740 donaria
667 701 774 741 currus.

185 763 255 835 Ergo
268 779 344 835 aegre
351 761 443 815 rastris
452 768 549 814 terram
558 760 699 825 rimantur,
710 768 735 815 at
746 760 813 831 ipsis
912 790 915 797 ·

132 845 171 890 505
184 837 323 910 unguibus
333 835 467 890 infodiunt
475 834 576 908 fruges,
588 842 745 906 montesque
754 852 803 906 per
811 836 876 891 altos

185 919 304 965 contenta
313 911 414 966 oerrioe
423 911 531 965 trahunt
540 909 677 964 stridentia
686 908 816 980 plaustra.

185 987 245 1040 Non
255 983 336 1056 lupus
346 985 457 1039 insidias
467 984 586 1056 explorat
594 983 675 1039 ovilia
684 984 796 1049 circum,

185 1075 233 1114 neo
241 1059 369 1132 gregibus
378 1068 523 1114 nocturnus
533 1058 701 1127 obambulare
721 1058 891 1114 aeriorillum

185 1133 360 1203 curadomat3
382 1134 469 1188 timidi
479 1134 572 1189 damae
580 1135 705 1206 cervique
714 1131 822 1207 lugaoss

132 1215 171 1262 510
186 1226 259 1264 nunc
268 1209 389 1282 interque
396 1225 474 1264 canes
483 1216 508 1263 et
518 1208 618 1264 simum
627 1216 692 1264 testa
702 1216 862 1287 vagantur..

185 1286 242 1340 lam
251 1284 332 1340 maris
342 1284 466 1340 immensi
475 1283 587 1357 prolem,
597 1290 717 1358 etgeuus
725 1290 906 1340 omnenatan·

679 1365 748 1423 tum,

186 1433 261 1488 litore
270 1434 298 1488 in
307 1441 434 1495 extremo.
445 1449 494 1488 oeu
503 1430 631 1505 naufraga
640 1448 758 1502 oorporrr,
769 1431 866 1489 fluetus

186 1507 297 1578 proluit;
319 1501 830 1580 insolitaelngiuntinlluminaphocae.

187 1582 278 1637 Interit
286 1590 311 1635 et
319 1583 409 1637 curris
421 1580 519 1636 frustra
528 1580 634 1636 defensa
646 1581 753 1636 latebris

133 1664 172 1710 515
186 1657 286 1727 vipera,
298 1664 323 1709 et
332 1656 434 1710 attoniti
443 1657 564 1727 squamis
575 1656 740 1711 adstantibus
749 1656 843 1732 hydri.

187 1730 255 1803 Ipsis
265 1737 304 1784 est
315 1747 359 1784 aer
367 1730 464 1786 avibus
473 1747 527 1785 non
538 1749 649 1803 aequus,
661 1730 758 1786 5511155

187 1805 342 1878 praecipites
352 1804 404 1860 5155
415 1805 498 1861 vitam
507 1806 560 1860 suh
569 1806 642 1861 nuhe
651 1804 819 1878 relinquunt.

189 1882 321 1935 Praeterea
331 1879 385 1935 iam
394 1897 442 1935 neo
451 1881 548 1935 mutari
558 1880 656 1953 pabula
669 1880 755 1945 refert,

188 1955 566 2027 quaesitaequanocentartes3
586 1973 688 2011 cessero
697 1955 829 2028 magistri,

135 2041 173 2083 550
188 2030 348 2104 Phillyrides
359 2030 467 2090 Chiron.
479 2031 729 2104 Amythaoniusque
738 2030 898 2104 Melampus.

188 2104 286 2170 Saevit,
298 2114 323 2160 et
332 2107 359 2161 in
371 2105 456 2160 lucem
462 2105 561 2178 Stygiis
571 2105 668 2160 emissa
678 2105 793 2160 tenebris

189 2179 287 2251 pallida
297 2181 440 2253 Tisiphone
448 2181 554 2236 Morbos
562 2180 618 2254 agit
627 2187 687 2234 ante
695 2181 861 2251 Metumque,

190 2255 272 2324 inque
281 2254 338 2309 dies
347 2256 456 2310 avidum
467 2272 580 2328 surgens
590 2264 669 2326 eaput
678 2254 757 2309 altius
765 2254 850 2311 effert.

188 2329 280 2383 Balatu
291 2347 415 2400 pecorum
424 2338 450 2384 et
459 2330 558 2384 crahris
568 2329 718 2403 mugitibus
726 2346 820 2385 amnes

136 2415 175 2457 555
189 2411 345 2475 arentesque
353 2414 448 2458 sonant
458 2405 539 2476 ripae,
551 2404 684 2476 collesque
692 2404 794 2475 supini.

190 2478 298 2549 iamque
307 2478 458 2534 mtervatim
466 2479 511 2540 dat
520 2486 573 2534 stra
592 2497 644 2544 em,
655 2488 735 2550 atqua
742 2479 912 2552 aggerati

191 2553 219 2608 15
229 2552 342 2608 stabulis
351 2553 423 2624 turpi
434 2553 535 2625 dilapsa
544 2494 670 2609 cadavera
682 2554 757 2609 taho:

188 2627 274 2688 donec
281 2628 368 2688 humo
376 2636 462 2708 tegere
470 2645 500 2685 ac
509 2627 592 2687 loreis
602 2627 763 2685 abscondere
771 2627 892 2688 diseunt.
