1846 3052
131 143 180 195 328
293 148 324 192 Ρ.
344 142 515 193 VIRGILH
529 141 706 191 :Anemo

77 257 116 301 21⁰
131 256 264 302 exterrens
272 245 350 300 freta:
370 242 822 314 milatemmtenushispidnntnti

131 321 203 377 lrons
212 321 348 376 hominem
357 317 477 390 praefert,
491 319 520 373 in
529 317 625 389 pristin
633 317 734 373 desinit
742 319 831 388 alvum

131 413 241 468 spumea
249 393 370 450 semifero
378 394 430 449 suh
440 400 542 464 pectore
550 394 792 450 murmuratunda.

131 471 180 527 Tot
189 470 247 524 lecti
255 486 374 541 proceres
382 475 422 523 ter
430 468 506 523 denis
515 467 630 523 navibus
642 467 719 523 ibant

131 544 251 600 subsidio
260 544 361 608 Troiae,
372 551 398 598 et
409 559 515 613 eampos
525 541 589 597 salis
599 559 658 597 aare
667 542 802 599 secabant.

78 631 117 673 215
168 620 278 692 lamque
286 618 343 673 dies
354 616 425 672 coelo
434 624 603 682 oouoesserat,
616 615 743 689 almaque
752 634 828 673 curm

132 694 270 767 noctivago
279 692 382 748 Phoebe
390 692 509 746 medium
518 691 642 763 pulsabat
650 691 813 766 Olympum:

133 768 233 823 Aeneas
243 768 419 840 (nequeenim
428 767 554 821 membris
563 766 680 822 datoura
690 767 815 841 quietem)

134 843 191 913 ipse
201 842 295 896 sedens
305 842 464 912 clavumque
473 841 541 914 regit
550 841 671 913 velisque
679 843 821 897 ministrat.

132 917 219 988 Atque
229 915 266 969 illi
278 916 365 970 medio
374 917 403 969 in
413 917 497 986 spatio
507 916 613 980 chorus,
626 933 694 980 ecoe,
706 934 816 972 suarum

79 1001 118 1044 22⁰
133 991 244 1046 ooourn't
252 991 393 1058 comitum3
415 990 563 1064 Nymphae,
575 1008 645 1062 quas
655 991 724 1046 alma
735 991 837 1067 Cybebo

133 1083 233 1120 numan
243 1065 338 1120 habere
347 1064 437 1129 maris,
450 1066 666 1138 Nymphasquee
678 1067 852 1122 naribusesss

134 1141 254 1206 iusserat,
267 1140 394 1195 innabant
402 1140 507 1210 pariter,
519 1138 668 1212 fluctusque
678 1142 809 1207 seoabant,

134 1223 199 1288 quot
209 1217 282 1287 prius
293 1221 392 1270 aeratae
401 1221 523 1269 steterant
533 1215 567 1269 ad
578 1214 653 1270 litora
664 1232 766 1286 prorae

134 1291 288 1364 Agnoscunt
298 1289 376 1362 longe
384 1306 482 1362 regem,
495 1289 661 1362 lustrantque
669 1291 781 1345 chorais.

80 1374 119 1417 225
134 1363 253 1431 Quarum
263 1382 331 1436 quae
340 1364 413 1419 fandi
421 1364 582 1429 doctissima,
593 1365 770 1438 Cymodooea,

134 1456 202 1510 pone
211 1457 324 1511 sequens
334 1439 424 1494 dextra
434 1439 545 1510 puppim
556 1446 634 1504 tenet,
645 1440 760 1511 ipsaque
769 1439 840 1495 dorso

136 1514 241 1579 eminet,
254 1532 284 1567 ao
294 1513 366 1569 laeva
376 1512 461 1567 tacitis
470 1514 632 1587 subremigat
641 1515 732 1569 undis.

135 1590 204 1643 Tum
215 1589 252 1642 sic
262 1589 385 1660 ignarum
395 1587 551 1658 alloquitur:
563 1588 706 1661 vigilasne,
714 1590 865 1663 daungers,

135 1661 240 1717 Aenea?
257 1663 351 1734 Vigila,
363 1671 389 1717 et
398 1662 463 1718 volis
471 1663 583 1717 immitte
592 1663 724 1719 rudentes.

80 1749 120 1792 230
134 1738 188 1791 Nos
198 1753 302 1798 sumus,
314 1737 404 1791 Idaeae
416 1754 489 1791 sacro
501 1737 534 1792 de
542 1739 638 1793 vertioe
646 1739 738 1810 pinus.

136 1827 208 1865 nuno
217 1809 302 1882 pelagi
311 1811 459 1883 Nymphae,
470 1811 562 1866 classis
576 1820 631 1867 tua.
661 1814 784 1868 Perfidus
792 1820 870 1868 utnos

136 1884 288 1957 praecipites
298 1884 365 1939 lerro
373 1886 488 1940 Rutulus
497 1885 656 1959 flammaque
666 1889 810 1958 premebat,

136 1959 259 2030 rupimus
269 1959 418 2015 invitaetua
428 1961 543 2026 vincula,
555 1970 633 2033 teque
641 1979 689 2033 per
699 1980 799 2035 aequor

137 2034 300 2106 quaerimus.
328 2036 400 2089 llano
410 2035 535 2092 Genetrix
544 2036 637 2092 faeiem
647 2037 772 2093 miserata
782 2035 871 2101 reiecit,

82 2119 121 2162 235
136 2116 161 2164 et
169 2109 241 2164 dedit
249 2126 306 2163 esse
315 2109 386 2175 deas,
398 2128 548 2183 aevumque
558 2113 655 2185 agitare
663 2113 716 2167 sub
725 2112 818 2168 undis.

136 2185 170 2238 lt
179 2201 244 2255 puer
253 2184 380 2238 Ascanius
390 2203 466 2240 muro
475 2184 607 2258 fossisque
615 2194 718 2241 tenetur

136 2256 188 2312 tela
200 2259 267 2312 inter
276 2259 362 2313 media
372 2266 451 2330 atqua
460 2260 594 2315 horrentes
604 2263 686 2317 Marte
696 2263 816 2318 Latinos.

137 2334 192 2387 Iam
204 2331 258 2386 looa
268 2333 340 2388 iussa
350 2341 419 2388 tenet
427 2333 486 2388 lorti
497 2337 644 2406 permixtus
653 2337 767 2392 Etrusco

138 2406 320 2478 Arcaseques.
353 2409 451 2464 Medias
461 2409 653 2482 illisopponere
661 2419 775 2477 turmas,

84 2488 124 2536 2t⁰
138 2499 172 2537 ne
181 2481 273 2535 castris
283 2480 403 2554 iungant,
417 2492 487 2539 certa
497 2492 537 2539 est
546 2487 674 2540 sententia
686 2487 785 2541 Turno.

138 2555 222 2631 Surge
231 2572 288 2630 age,
300 2564 325 2610 et
333 2558 434 2612 Aurora
444 2559 528 2614 socios
537 2561 657 2615 veniente
668 2563 756 2615 vocari

132 2632 879 2711 primuslnarmaiuhe,etelipeumrapa,quemdoditipsa
