1846 3052
164 169 214 222 290
326 174 357 218 P.
378 170 550 217 VIRGILII
566 169 741 217 MARONIS

111 282 150 328 555
165 271 266 348 Thybri
278 272 364 344 pater!
386 272 494 325 Poscant
506 271 584 336 acies,
598 276 623 324 et
630 268 735 325 foedera
744 279 879 344 rumpant.

202 349 270 402 Haec
278 345 326 400 ubi
334 345 403 400 dieta
412 345 492 411 dedit,
504 344 570 400 solio
581 362 610 399 se
619 344 687 399 tollit
697 345 731 399 ab
740 344 807 414 ait03

166 430 191 477 et
199 422 317 494 primum
328 419 459 475 Herculeis
471 421 569 490 sopitas
579 419 689 493 ignibus
697 437 758 474 aras

166 497 269 561 excitat,
280 495 487 567 hesternumque
497 495 589 549 Larem
600 510 751 566 parvosque
760 495 869 551 Penates

167 570 250 626 laetus
260 569 328 625 adit:
348 576 462 624 mactant
471 568 548 623 lectas
558 568 592 623 de
601 585 675 623 more
683 568 805 624 bidentes

113 652 152 700 555
166 645 307 701 Evandrus
315 645 420 716 pariter,
432 642 528 715 pariter
537 643 648 697 Troiana
659 643 795 699 iuventus.

167 722 229 774 Post
237 719 301 773 hinc
310 719 343 773 ad
352 736 432 774 naves
442 718 570 792 graditur,
582 717 722 789 sociosque
731 717 838 773 revisit:

169 811 284 866 quorum
293 793 326 847 de
335 790 454 855 numero,
466 793 513 865 qui
523 792 617 847 sesain
627 792 696 846 belia
706 800 862 864 sequantur,

168 875 328 941 praestantes
335 868 432 922 virtute
442 867 517 940 lagit;
539 884 600 938 pars
609 874 693 927 cetera
702 884 789 938 prona

170 943 251 998 fertur
261 960 343 1014 aqua,
354 944 497 1015 segnisque
506 942 622 997 Secundo
631 940 724 996 defluit
733 943 817 1010 amni,

116 1031 155 1072 555
169 1018 262 1073 nuntia
271 1024 381 1072 ventura
391 1017 504 1071 Ascanio
512 1033 654 1088 rerumque
664 1017 808 1090 patrisque.

170 1095 271 1148 Dantur
280 1092 342 1164 equi
352 1093 459 1146 Teucris
469 1092 603 1165 Tyrrhena
613 1092 764 1167 petentibus
777 1109 854 1147 arva:

172 1167 273 1222 ducunt
281 1174 411 1222 exsortem
420 1166 534 1232 Aeneae3
556 1164 816 1238 quemiuIvaleonis

172 1242 250 1314 pellis
259 1242 416 1305 obittotum,
432 1240 598 1314 praefulgens
606 1240 747 1315 unguibus
757 1241 855 1296 aureis.

209 1319 291 1372 Fama
301 1316 372 1372 vniat
380 1333 489 1388 parvam
500 1316 588 1371 subito
597 1315 707 1390 vulgata
716 1333 764 1388 per
774 1317 875 1379 urbam,

120 1404 158 1446 555
173 1393 246 1446 ocius
256 1393 294 1446 ire
303 1392 403 1463 equites
412 1392 541 1466 Tyrrheni
550 1391 584 1445 ad
595 1390 669 1445 litora
678 1393 761 1465 regis.

174 1468 240 1522 Vota
257 1474 328 1521 metu
335 1463 471 1538 duplicant
480 1473 585 1531 matres,
596 1466 761 1538 propiusque
768 1464 865 1538 periclo

175 1543 196 1595 it
206 1542 293 1606 timor,
305 1550 330 1596 et
339 1541 422 1596 maior
431 1542 520 1596 Martis
530 1541 583 1595 iam
593 1548 700 1612 apparet
708 1541 809 1615 imago.

175 1617 244 1670 Tum
254 1623 327 1686 pater
334 1616 484 1681 Evandrus,
496 1616 614 1686 dextram
623 1614 781 1687 complexus
791 1613 884 1678 euntis,

177 1691 273 1754 haeret,
285 1690 447 1760 inexpletum
457 1691 606 1756 lacrimam,
618 1708 648 1745 ae
657 1689 720 1745 talia
729 1689 815 1745 fatur:

123 1778 162 1821 555
177 1764 276 1821 Omihi
286 1766 437 1835 praeteritos
450 1765 542 1820 referat
553 1766 577 1819 si
583 1767 682 1836 Iupiter
691 1782 786 1829 annos,

177 1838 264 1912 qualis
273 1856 353 1904 eram¹
360 1856 446 1910 quum
455 1841 569 1911 primam
579 1842 661 1895 aciem
666 1839 913 1910 Praenestesubipsa

177 1914 258 1969 stravi
268 1921 455 1985 scutorumque
463 1915 568 1969 incendi
578 1915 661 1969 victor
669 1931 787 1980 aeervm,

178 1998 300 2062 stragem
310 1989 359 2044 hac
371 1989 488 2044 Herilum
499 1989 590 2044 dextra
600 1990 652 2045 sub
661 1990 770 2044 Tartara
781 1990 860 2044 misit

180 2064 295 2120 nascenti
305 2064 348 2118 aui
357 2071 409 2119 tres
418 2064 520 2119 animas
532 2065 643 2120 Feronia
653 2071 737 2119 mater

126 2152 164 2195 555
179 2138 349 2212 (horrendum
362 2139 443 2213 dictu)
453 2139 567 2194 dederat.
601 2140 685 2194 Terna
697 2155 771 2194 arma
781 2136 913 2198 movenda.

181 2221 219 2268 ter
227 2214 277 2268 leto
286 2214 441 2269 sternendus
450 2221 517 2270 erat:
538 2215 857 2270 euitunutamenomnea

181 2288 289 2344 abstulit
299 2290 363 2361 haec
372 2290 474 2344 animas
486 2289 586 2355 dextra,
598 2297 623 2345 et
630 2288 740 2344 totidem
749 2288 825 2342 exuit
833 2285 915 2342 armir-

182 2365 240 2418 Non
253 2379 303 2436 ego
310 2381 381 2418 nune
390 2363 461 2419 dulci
470 2363 595 2435 amplexu
605 2361 743 2435 diyelierer
750 2379 878 2434 usquam,

183 2446 250 2502 nata,
262 2443 319 2499 tu0;
342 2455 428 2510 nequa
436 2439 548 2493 finitimo
557 2439 702 2495 Mezentius
714 2454 839 2509 unquam

130 2525 169 2569 555
182 2512 246 2569 huic
255 2512 333 2584 capiti
342 2512 472 2569 insultans
482 2521 519 2568 tot
528 2512 595 2569 ierrn
604 2530 681 2569 saeva
690 2512 807 2568 dedisset

182 2588 288 2655 funera,
299 2593 353 2641 tam
362 2587 454 2642 multis
462 2588 596 2643 viduasset
604 2589 709 2644 civibus
718 2587 825 2643 urbem.

177 2670 215 2728 At
225 2685 284 2739 vos,
296 2683 314 2726 ο
324 2663 426 2744 superi,
436 2671 463 2722 et
470 2662 608 2723 urrunnu
614 2663 818 2727 maimanertnr
