1846 3052
229 302 263 355 78
393 307 424 355 P.
441 303 618 354 VIRGILII
634 304 810 352 MARONIS

203 440 204 444 =
229 417 255 464 et
265 408 463 464 lacmncretum
472 424 534 463 cum
544 405 676 480 sanguine
684 412 756 478 potat
764 407 861 478 equimr

230 483 317 550 Quam
328 482 418 554 procul
428 488 475 537 aut
483 481 557 537 molli
566 480 706 536 succedere
713 481 821 552 saepius
831 499 861 537 ur

175 566 215 612 455
229 558 337 623 videris,
351 564 527 612 autsummas
535 563 685 628 carpentem
696 556 820 630 ignavius
830 558 861 612 he

229 639 429 704 extremamque
438 632 524 704 sequi,
535 638 581 687 aut
590 631 678 686 medio
687 632 861 702 procumbere

229 714 389 778 pascentem,
401 715 507 762 etseras
516 705 601 761 solam
611 706 734 760 decedere
744 707 828 762 nocti:

230 783 355 837 continuo
364 781 469 853 culpam
479 779 547 835 ferro
556 797 700 852 compesce,
711 781 788 851 prius
797 778 861 854 quar

231 856 289 911 dira
298 874 345 927 per
355 857 492 911 incautum
502 864 609 926 serpant
618 856 737 928 contagia
748 855 858 929 vulgus.

176 937 216 984 itu
230 933 289 985 Nou
300 939 354 985 tam
365 931 458 986 creber
467 948 549 1003 agens
559 930 673 984 hiemem
685 931 738 984 ruit
747 947 862 1002 aequore

231 1022 313 1077 quam
323 1004 422 1060 multae
432 1005 564 1076 pecudum
575 1013 671 1075 pestes.
691 1006 745 1059 Nec
756 1006 861 1078 singula

231 1097 338 1150 corpora
348 1081 507 1151 corripiunt;
528 1080 576 1134 scd
586 1087 637 1134 tota
647 1081 744 1135 aestiva
758 1089 861 1151 repente

231 1171 359 1226 spemque
367 1171 530 1228 gregemque
538 1154 630 1219 simul,
646 1163 823 1226 cunctamque
832 1157 861 1211 ai

759 1237 841 1286 utem.

232 1305 301 1359 Tum
310 1304 384 1369 sciat,
396 1303 478 1359 aerias
487 1301 568 1376 Alpes
577 1311 601 1358 et
614 1303 708 1357 Norica
718 1247 814 1375 ἒθᾳιιίε

177 1386 217 1432 475
231 1378 337 1434 castella
349 1378 376 1434 iu
385 1378 507 1444 tumulis,
520 1386 545 1433 et
556 1378 662 1451 Iapydis
672 1395 734 1433 arva
745 1380 859 1447 Timavi,

232 1471 304 1510 nunc
313 1471 420 1527 quoque
429 1462 488 1525 post
497 1462 568 1509 tanto
577 1453 673 1518 videat,
685 1453 862 1526 desertaquor

232 1536 378 1600 pastorum,
390 1538 415 1584 et
425 1529 503 1602 longe
511 1527 595 1583 saltus
608 1528 712 1599 lateque
721 1537 854 1586 vacantes.

270 1605 318 1658 Hic
326 1604 461 1675 quondam
472 1604 564 1660 morbo
573 1603 637 1658 coeli
647 1603 796 1658 miseranda
805 1622 861 1660 ooor

231 1685 382 1749 tempestas,
394 1686 500 1751 totoque
509 1678 645 1733 auctumni
657 1678 791 1732 incanduit
801 1688 861 1735 aest*

178 1759 217 1806 455
232 1760 257 1806 et
265 1770 351 1825 genus
360 1769 439 1807 omne
450 1753 507 1807 neci
516 1753 649 1823 pecudum
662 1753 742 1817 dedit,
756 1771 836 1809 omne
849 1754 862 1809 i

232 1827 400 1897 corrupitque
409 1825 496 1895 lacus;
519 1824 606 1881 infecit
615 1827 711 1898 pabula
722 1828 790 1882 tabo.
846 1824 861 1889 b

232 1903 287 1955 Nec
295 1901 339 1954 via
349 1901 440 1954 mortis
450 1908 504 1954 erat
513 1901 641 1973 simplex;
662 1903 708 1956 sed
718 1902 766 1956 ubi
780 1903 857 1976 ignea

233 1975 358 2030 omnibus
370 1985 426 2030 acta
435 1976 493 2030 sitis
503 1976 613 2030 miseros
623 1976 768 2031 adduxerat
777 1985 859 2043 artus,

233 2068 327 2105 rursus
336 2051 487 2106 abundabat
496 2049 595 2106 fluidus
605 2050 701 2124 liquor,
714 2053 858 2125 omniaque

178 2131 218 2178 485
232 2142 292 2180 ossa
301 2126 452 2181 minutatim
460 2127 553 2181 morbo
562 2126 675 2198 collapsa
685 2127 813 2181 trahebat.

233 2200 315 2271 Saepe
325 2202 352 2256 in
363 2202 462 2257 honoro
469 2201 549 2256 deum
560 2201 646 2255 medio
655 2210 728 2255 stans
737 2202 823 2256 hostia
833 2202 861 2256 ad

234 2273 307 2330 lanea
317 2275 384 2330 dum
395 2277 471 2332 nivea
480 2276 657 2330 circumdatur
667 2276 751 2330 infula
760 2278 833 2341 vitta,

234 2350 302 2404 inter
310 2360 462 2406 cunctantes
472 2351 565 2406 cecidit
575 2351 733 2406 moribunda
744 2352 861 2406 ministr<

233 2431 280 2479 aut
288 2425 311 2478 si
322 2443 402 2496 quam
414 2425 482 2481 ferro
494 2433 652 2481 mactaverat
661 2434 720 2480 ante
730 2426 861 2491 sacerdos,

180 2506 220 2553 tto
235 2498 297 2553 iude
306 2516 393 2570 neque
401 2500 533 2572 impositis
542 2499 633 2555 ardent
642 2500 733 2555 altaria
743 2501 828 2565 tibris,

236 2590 283 2628 nec
292 2589 417 2644 responsa
426 2582 511 2646 potest
520 2573 657 2630 consultus
667 2575 775 2630 reddero
784 2583 861 2630 vates.

234 2664 265 2703 ac
274 2647 322 2704 vix
331 2649 462 2719 suppositi
471 2649 612 2723 tinguntur
620 2651 751 2724 sauguine
760 2649 849 2718 cultri,

234 2739 396 2796 summaque
404 2722 492 2778 ieiuna
503 2723 577 2779 sanie
585 2723 732 2780 infuscatur
740 2742 830 2780 arena.

224 2800 298 2858 Hinc
304 2798 384 2859 iactis
395 2798 476 2861 vituli
485 2798 570 2878 uuigo
576 2799 726 2857 moriuntur
735 2799 768 2854 in
772 2800 861 2855 herbis
