1846 3052
130 155 181 210 204
292 161 322 205 P.
342 156 515 205 VIRGILII
532 154 709 203 MARONIS

131 261 175 316 dat
185 260 267 324 Salio,
280 258 352 314 villis
360 274 502 312 onerosum
511 263 591 328 atque
600 255 742 330 unguibus
751 259 847 314 aurata

131 335 283 390 HieNisus:
304 332 422 397 sitente,
434 332 531 404 inquit,
547 338 611 386 sunt
619 331 739 402 praemia
747 333 836 399 vietis,

131 408 333 480 ettelapsorum
344 408 462 461 miseret:
483 421 674 478 quaemunera
681 406 750 462 Nise

78 495 116 538 355
131 484 211 558 digna
221 481 315 537 dabis‘?
333 482 448 553 primam
458 480 544 535 merui
553 480 601 553 qui
613 479 835 548 laudaenronam,

132 559 161 614 ni
170 574 223 622 ma,
234 574 303 629 quae
313 565 338 610 at
347 556 462 623 Salium,
473 554 577 611 fortuna
587 554 696 611 inimiea
706 555 822 613 tulisset.

131 634 165 689 Et
174 631 254 686 simui
266 632 309 686 his
318 630 395 686 dictis
404 630 496 685 faeiem
507 629 665 696 mtentabet,
677 630 770 687 etudo

131 706 217 778 turpia
228 707 347 762 membra
357 705 429 761 fimo.
459 706 526 759 Risit
534 712 607 776 pater
614 705 734 775 optimus
742 705 799 772 dli,

132 790 157 837 et
166 781 280 853 clipeum
289 781 374 836 efferri
384 780 475 845 iussit,
487 779 660 853 Didymaonis
671 787 752 847 artes,

79 868 118 911 aun
132 856 248 928 Neptuni
259 872 332 910 sacro
341 856 436 910 Danais
445 855 478 909 de
487 862 561 926 poete
573 854 696 911 refixnm.

132 933 185 986 Hoc
193 931 316 986 iuvenem
326 931 462 1003 egregium
472 929 612 1001 praestanti
622 945 735 985 munere
746 930 834 986 donat.

87 1048 90 1053 .
168 1007 242 1071 Post,
257 1005 303 1060 uhi
314 1003 421 1059 coniecti
430 1021 539 1069 cursus,
551 1003 780 1078 etdonaperegit:

133 1082 219 1145 Nune,
231 1080 255 1134 si
269 1079 312 1134 eui
328 1079 413 1134 virtus
422 1080 583 1150 animusque
591 1078 620 1133 in
629 1085 735 1150 pectore
743 1096 863 1151 praesum,

133 1155 209 1220 adsit,
221 1162 246 1209 et
255 1155 366 1210 evinctis
376 1153 474 1209 attollet
483 1153 589 1208 brachia
602 1152 710 1223 palmis.

78 1241 117 1283 ³65
132 1230 233 1291 Sinuri,
244 1236 269 1284 et
277 1229 415 1302 geminum
426 1245 531 1302 pugnae
538 1228 662 1300 proponit
670 1227 812 1285 honorem:

132 1304 224 1360 victori
233 1304 348 1359 velatum
358 1321 423 1358 auro
431 1303 557 1375 vittisque
566 1303 725 1371 iuvencum3

133 1397 223 1434 ensem
236 1385 314 1451 atque
323 1378 455 1451 insignem
467 1376 583 1451 galeam,
594 1377 687 1433 solatia
696 1379 776 1434 vieto.

132 1454 186 1508 Nee
196 1471 281 1522 mora3
302 1452 780 1510 continuoraetiscumviribuseffert

132 1530 279 1592 orauere,
292 1545 442 1600 magnoque
452 1527 541 1583 virum
549 1544 726 1583 semurmnre
736 1527 813 1597 tulin

80 1615 118 1655 aru
133 1602 206 1657 sulus
216 1603 264 1673 qni
273 1603 394 1657 Paridem
404 1600 498 1657 so'iitus
507 1602 662 1657 eontendere
671 1608 775 1671 eontra3

133 1677 256 1748 idemque
264 1675 298 1730 ad
308 1675 514 1748 tumulumque
524 1676 862 1737 maximusoeeubatiieetun

134 1752 257 1806 victorem
266 1751 348 1805 Buten
360 1751 472 1807 immani
481 1768 601 1823 empore¹
618 1751 704 1824 quise

133 1825 258 1899 Bebrycia
267 1825 376 1879 veniens
385 1825 480 1899 Amyci
490 1826 609 1900 degente
618 1825 725 1892 ferebat,

134 1899 257 1972 perculit,
271 1906 295 1953 et
305 1898 377 1954 fulva
389 1900 581 1956 moribundum
591 1901 710 1956 extendit
717 1917 804 1957 arana.

80 1986 119 2029 355
134 1974 204 2030 Talis
214 1975 299 2046 prima
308 1975 387 2028 Dares
396 1975 565 2047 caputaltnm
576 1976 602 2030 in
613 1975 712 2047 proelia
721 1975 799 2039 tollit,

134 2050 299 2121 ostenditque
307 2049 432 2104 humeros
441 2049 520 2115 latos,
533 2050 685 2122 alternaque
697 2050 774 2105 iactat

134 2125 239 2180 brachia
250 2124 420 2196 protendens,
431 2132 457 2179 et
465 2125 585 2180 verberat
594 2125 691 2180 ictibus
701 2142 790 2181 auras.

134 2199 275 2266 Quaeritur
284 2199 347 2254 huic
356 2199 438 2267 alius3
447 2217 494 2254 nee
503 2203 686 2272 quiequamex
695 2200 870 2273 agminetantu

135 2273 214 2328 audet
223 2274 295 2329 adire
304 2274 409 2340 virum,
421 2275 601 2346 manibusque
610 2275 735 2330 indunera
743 2284 840 2330 eastus.

81 2359 120 2400 380
134 2350 204 2421 Ergo
213 2347 321 2413 alacris,
333 2357 597 2422 cunctosquaputans
606 2349 730 2405 exeedere
742 2348 840 2420 palma,

134 2423 236 2478 Aeneae
245 2422 315 2477 stetit
324 2432 384 2478 anta
393 2423 485 2495 pedes,
497 2441 545 2479 nee
554 2424 631 2496 plura
640 2431 769 2492 meratus;

135 2496 275 2552 tumlaeva
285 2503 391 2553 taurum
401 2515 483 2554 cornu
497 2505 579 2565 tenet,
601 2507 679 2571 atque
689 2497 819 2555 itafatur:

135 2575 201 2629 Nate
210 2571 271 2636 dea,
284 2571 307 2626 si
317 2589 394 2627 nemo
403 2573 481 2628 audet
490 2591 518 2628 se
526 2574 630 2629 eredere
639 2590 755 2648 pugnae,

126 2669 199 2725 qnae
211 2650 276 2709 finis
286 2648 397 2709 standi‘?
417 2665 527 2722 quume
536 2648 811 2715 duetusuueteneix‘t
