1846 3052
162 166 212 221 ³52
324 168 355 215 P.
374 166 544 215 VIRGILII
561 165 737 212 honorus

108 284 134 326 oo
161 270 242 326 Addit
250 272 381 340 equos‚et
390 265 449 329 tela,
461 265 562 336 quibus
571 263 729 335 spoliaverat
739 264 855 321 hostem.

161 345 288 400 Vinxerat
300 347 392 412 etpost
400 347 471 412 terga
482 356 586 404 manus,
599 356 667 410 quos
676 339 792 394 mitteret
805 339 904 395 umbris

163 417 278 480 inferias,
290 432 365 470 caeso
374 430 513 486 sparsuros
522 414 652 486 sanguine
660 412 814 483 flammam

162 492 322 562 indutosque
334 489 407 543 iubet
415 496 521 544 truncos
530 487 672 542 hostilibus
681 489 765 542 armis

162 567 235 635 ipsos
243 564 310 618 ferre
318 563 407 626 duces,
420 563 582 632 inimicaque
594 561 705 616 numina
713 562 774 636 figi.

109 650 134 692 85
161 639 270 692 Ducitur
280 637 372 692 inlelix
381 653 445 691 aevo
453 635 585 690 conlectus
593 635 710 700 Acoetes,

162 719 265 783 pectora
276 729 348 766 nunc
355 710 462 765 foedans
471 710 579 783 pugnis,
591 727 664 764 nunc
672 709 815 781 unguibus
826 726 883 778 ora,

164 785 300 860 [sternitur
309 792 334 839 et
343 792 395 838 toto
404 787 534 855 proiectus
542 801 648 855 corpore
657 781 764 857 terrae]

162 861 268 915 Ducunt
276 866 301 914 et
310 858 408 913 Rutulo
417 858 537 928 perfusos
546 858 677 931 sanguino
685 874 795 912 currus.

164 937 224 989 Post
235 933 345 988 bellator
354 950 449 1003 equus,
461 933 553 1003 positis
562 932 725 1004 insignibus,
738 932 844 987 Aethon

110 1019 136 1061 to
164 1010 184 1062 it
194 1008 343 1071 lacrimans,
353 1007 489 1079 guttisque
498 1007 631 1061 humectat
639 1005 791 1077 grandibus
800 1022 857 1061 ora.

163 1083 271 1137 Hastam
281 1081 326 1136 alii
338 1080 495 1154 galeamque
503 1079 604 1145 lerunt3
625 1095 688 1133 nam
700 1086 788 1135 cetera
803 1081 903 1134 Turnus

164 1157 245 1210 victor
259 1156 347 1210 habet.
377 1156 446 1209 Tum
459 1161 558 1208 moesto
571 1152 698 1223 phalanx,
712 1153 903 1226 Teucriquosc·

656 1236 790 1296 quuntur‚

165 1301 444 1375 Tyrrheniqueduoes‚
454 1308 479 1355 et
489 1299 572 1355 versis
580 1299 696 1355 Arcades
705 1302 800 1357 armis.

164 1377 307 1446 Postquam
320 1377 407 1429 omnis
417 1375 494 1447 longe
504 1374 631 1429 comitum
642 1383 807 1444 processerat
815 1375 882 1438 ordo,

111 1459 137 1503 95
165 1450 283 1503 substitit
292 1449 401 1513 Aeneas,
415 1449 569 1521 gemituque
577 1448 642 1503 haec
650 1448 756 1503 addidit
764 1449 831 1505 alto:

164 1524 219 1576 Nos
229 1523 293 1576 alias
302 1524 366 1577 hine
374 1523 409 1578 ad
421 1523 541 1578 lacrimas
554 1521 643 1576 eadem
655 1522 765 1578 horrida
776 1521 840 1578 belli

165 1595 328 1651 latavocant.
359 1596 580 1652 Salvoaetemum
590 1596 667 1659 mihi,
679 1595 885 1655 maximeralla.

166 1677 353 1740 aeternumque
365 1670 433 1726 vale.
462 1672 516 1725 Nec
524 1669 602 1740 plura
611 1669 704 1723 effatus
713 1668 749 1724 ad
759 1670 826 1725 altos

166 1742 394 1806 tendebatmuros‚
408 1759 584 1816 gressumque
592 1743 620 1797 in
630 1750 714 1797 castra
724 1742 834 1799 ferebat.

112 1829 151 1870 1oo
184 1846 187 1850 ⁴
203 1818 312 1886 lamque
323 1817 593 1871 oratoresaderantex
603 1816 671 1871 urhe
678 1817 784 1882 Latina,

166 1889 245 1943 velati
256 1889 337 1943 ramis
346 1889 426 1950 oleae.
436 1890 598 1960 veniamque
608 1897 744 1962 rogantes:

166 1980 281 2033 corpora,
292 1980 339 2033 per
347 1980 453 2034 campos
463 1963 531 2018 lerro
540 1981 608 2034 quae
616 1962 676 2017 lusa
686 1964 817 2029 iacebant,

167 2037 296 2098 redderet,
307 2054 338 2091 ac
346 2038 450 2092 tumulo
462 2038 558 2092 sineret
567 2037 705 2092 succedere
710 2048 810 2105 terrae3

169 2110 273 2165 nullum
282 2127 345 2165 cum
354 2112 430 2165 victis
440 2119 570 2166 certamen
579 2119 605 2165 et
614 2112 716 2166 aethere
724 2112 826 2167 cassis:
895 2132 898 2139 ·

114 2197 152 2240 155
166 2193 281 2256 parceret
289 2184 439 2255 hospitibus
448 2185 582 2255 quondam
591 2185 742 2255 socerisque
753 2187 863 2241 vocatis.

168 2258 240 2324 Quos
249 2258 335 2312 honus
344 2257 454 2322 Aeneas,
468 2257 713 2328 baudaspernanda
721 2268 869 2329 precantes,

167 2333 335 2402 prosequitur
344 2333 430 2396 venia,
441 2339 466 2386 et
479 2331 567 2386 verbis
576 2333 640 2386 haec
649 2332 760 2403 insuper
768 2334 859 2391 addit:

168 2405 303 2470 Quaenam
315 2422 364 2460 vos
372 2413 444 2461 tanto
452 2407 569 2461 Fortuna
578 2405 697 2478 indigna,
708 2407 810 2474 Latini,

168 2477 300 2549 implicuit
309 2479 387 2543 hello,
401 2481 450 2550 qui
460 2496 508 2535 nos
518 2479 624 2553 fugiatis
634 2479 752 2535 amicos?

114 2563 154 2608 tto
168 2554 262 2609 Pacem
268 2569 312 2607 me
320 2554 451 2608 exanimis
460 2561 486 2608 et
495 2555 585 2609 Martis
593 2561 661 2610 sorte
670 2556 798 2626 peremtis

168 2628 270 2690 oratis‘l
286 2628 794 2703 Equidemeurueneedemellm.
845 2668 850 2677 ·
