1846 3052
176 155 226 210 324
340 160 368 204 Ρ.
388 158 559 206 v1R01L11
574 156 747 205 MROMS

176 259 251 331 quid.
264 275 365 313 soceros
375 257 468 331 legere,
480 265 506 313 et
514 257 623 330 gremiis
632 255 764 313 abduoere
771 258 878 330 paetaoi

123 346 148 388 00
176 350 266 405 paoem
275 350 348 388 orare
358 351 449 398 manu,
459 332 600 405 praefigere
610 332 748 403 puppibus
758 332 851 389 erma?

176 409 216 463 Tu
225 414 296 480 potes
305 408 411 463 Aenean
421 408 546 462 manibus
555 404 702 462 subduoere
711 406 834 474 Graium,

176 499 276 555 proque
288 483 344 537 viro
352 482 477 536 nebulam
487 489 512 536 et
521 487 613 537 ventos
625 480 767 538 obtendere
776 483 880 552 inanes3

177 565 201 612 et
209 565 282 629 potes
292 558 320 612 in
330 557 436 611 totidem
445 556 556 611 classem
565 564 714 611 eonvertere
722 557 877 631 Nymphas:

177 648 225 687 nos
235 629 336 702 aliquid
347 630 458 686 Rutulos
467 638 555 686 eontra
566 630 674 696 iuvisse,
686 629 833 688 nefandum
842 630 894 689 eet?

123 717 148 760 85
175 707 275 760 Aeneas
288 708 396 778 ignarus
406 706 492 761 abest:
514 705 623 778 ignarus
631 712 657 759 et
666 705 746 760 absit.

177 781 224 836 Est
234 780 349 851 Paphus,
359 780 526 852 Idaliumque
534 779 593 845 tihi,
605 791 669 834 sunt
679 779 732 835 elta
742 780 868 854 Cythera:

177 854 244 927 quid
256 855 393 929 gravidam
408 854 485 909 bellis
494 855 588 909 urbem
598 861 623 908 et
631 854 709 909 corda
719 873 812 926 aspera
820 852 909 911 mnus?

177 931 265 985 Nosne
273 929 322 983 tibi
331 928 417 983 fluxas
426 929 557 1003 Phrygiae
566 947 608 983 res
616 928 809 985 verterefundo

176 1002 320 1058 oonamnr‘i
338 1003 404 1058 nos?
423 1021 456 1058 an
465 1005 575 1058 miseros
584 1003 632 1075 qui
644 1004 727 1059 Troes
736 1003 845 1061 Achivis

123 1090 149 1132 00
177 1077 287 1134 obiecit?
305 1077 377 1145 Quae
385 1095 466 1133 eausa
474 1077 532 1144 fuit,
545 1095 702 1152 consurgere
711 1079 740 1133 in
751 1097 825 1135 arma

176 1154 363 1225 Europamque
371 1153 523 1224 Asiamque,
537 1161 562 1207 et
572 1151 673 1207 foedera
684 1151 788 1209 solvere
796 1152 879 1209 firrtoi

177 1229 219 1285 Me
228 1229 294 1283 duce
303 1228 449 1283 Dardanius
458 1227 577 1299 Spartam
591 1229 756 1300 expugnavit
765 1227 878 1285 adulteri

177 1311 223 1358 eut
232 1321 280 1377 ego
289 1302 338 1357 tela
348 1303 417 1368 dedi,
428 1302 515 1358 fovive
525 1302 655 1374 Cupidine
666 1301 754 1357 belle?

178 1379 247 1432 Tum
256 1379 342 1433 docuit
351 1378 475 1433 metuisse
485 1378 552 1445 tuis;
573 1394 645 1432 nuno
657 1395 715 1432 sera
725 1375 841 1450 querelis

124 1464 149 1507 05
176 1452 248 1507 haud
259 1454 336 1508 iustis
345 1454 471 1526 assurgis,
482 1461 508 1507 et
517 1453 589 1507 irrita
597 1452 684 1525 iurgia
694 1451 785 1507 iactas.

215 1527 323 1582 Talibus
332 1529 422 1582 orabat
431 1530 510 1582 Iuno:
531 1527 673 1598 cunctique
681 1525 829 1581 fremebant

177 1602 313 1657 coelicolae
322 1605 527 1669 assensuvario;
548 1619 595 1656 oeu
604 1600 711 1656 flemina
721 1602 811 1672 prima

178 1694 263 1748 quum
273 1677 400 1748 deprensa
412 1677 527 1732 fremunt
536 1675 621 1739 silvis,
632 1684 657 1730 et
667 1692 743 1730 caeca
752 1674 868 1732 volutant

177 1769 324 1817 murmura,
337 1760 461 1807 venturos
470 1751 557 1806 nautis
567 1751 703 1822 prodentia
713 1759 817 1806 ventos.

124 1838 162 1880 000
177 1827 245 1881 Tum
259 1833 331 1897 pater
340 1826 514 1896 omnipotens,
529 1843 617 1880 rerum
626 1825 670 1879 eui
679 1843 788 1880 summe
797 1829 905 1897 potestas,

179 1901 246 1956 infit.
273 1901 312 1955 Eo
322 1900 421 1954 dicente
431 1900 509 1955 deum
520 1901 615 1955 domus
625 1899 677 1954 alte
686 1898 795 1964 silescit,

177 1984 202 2031 et
211 1975 358 2032 tremefacta
368 1975 424 2029 solo
435 1974 524 2042 tellus3
546 1974 606 2029 silet
614 1974 714 2029 arduus
725 1975 828 2041 aether;

178 2061 235 2106 tum
240 2051 352 2124 Zephyri
359 2067 477 2122 posuere
487 2049 907 2122 premitplaeidaaequorapontrs.

178 2126 292 2198 Accipite
301 2143 371 2199 ergo,
384 2125 480 2180 animis
490 2133 569 2197 atque
577 2125 641 2179 haec
650 2141 709 2178 mea
719 2124 794 2197 figite
804 2123 878 2179 dieta.

125 2213 163 2254 105
178 2200 397 2272 Quandoquidem
407 2200 538 2255 Ausonios
547 2199 673 2271 coniungi
683 2197 787 2255 foedere
795 2197 895 2255 Teucris

177 2276 250 2329 haud
260 2275 370 2341 licitum,
382 2292 430 2330 nee
439 2284 525 2330 vestra
533 2275 602 2346 capit
611 2273 741 2328 discordia
751 2273 846 2330 finem:

178 2366 246 2421 quae
259 2350 356 2421 cuique
369 2358 408 2405 est
421 2348 525 2405 fortuna
534 2350 621 2415 hodie,
633 2366 716 2421 quam
727 2350 844 2424 quisque
852 2353 910 2405 secat

668 2440 753 2494 spem,

179 2501 243 2554 Tros
253 2497 401 2553 Rutulusve
410 2497 474 2565 fuat,
486 2498 560 2554 nullo
570 2498 724 2554 discrimine
735 2498 853 2570 habebo;

176 2592 225 2633 seu
237 2572 297 2631 satis
309 2573 405 2630 ltaidm
413 2583 497 2629 eastra
505 2574 641 2630 obsidione
650 2581 782 2641 tenentur,

114 2665 158 2711 000
174 2655 234 2718 sive
244 2671 336 2715 errore
344 2649 815 2723 meioiroraemomirsqnes'mistrie
