1846 3052
188 154 237 208 388
354 162 386 208 P.
404 158 575 207 VIRGILII
591 156 767 207 Muttonis

187 260 350 335 sanguineus
360 260 464 316 Mavors
474 257 557 331 clipeo
566 257 693 329 increpat,
704 265 785 330 atque
795 256 911 315 furentes

186 334 257 390 holla
266 352 375 390 movens
385 335 504 389 immittit
515 348 611 406 equos:
633 332 673 386 illi
682 348 799 404 aequore
809 342 899 405 aperto

187 417 247 463 ante
256 408 544 482 NotosZephyrumque
553 406 655 476 volant3
666 407 750 480 gemit
755 406 919 480 ultimapnlu

133 493 173 537 att
187 483 287 536 l'hraca
296 483 405 554 pedum,
417 483 570 554 circumque
580 489 650 536 atrae
658 481 824 536 Formidinis
832 499 888 549 ora,

187 556 303 628 iraeque,
315 557 489 630 insidiaeque,
501 556 544 612 dei
553 556 702 620 comitatus,
717 563 851 629 aguntur:

187 630 246 684 talis
256 647 338 703 equos
348 631 430 686 alacer
438 631 525 687 media
534 631 603 686 inter
611 630 711 702 proelia
721 631 832 686 Turnus

186 705 320 760 fumantes
329 706 424 761 sudore
436 707 535 778 quatit;
556 704 707 760 miserabile
715 706 802 760 caesis

187 779 308 834 hostibus
318 780 462 847 insultans;
483 780 584 854 spargit
593 779 684 850 rapida
693 779 800 853 ungula
812 797 883 836 roret

133 861 173 907 eto
188 855 357 926 sanguineos,
370 856 506 926 mixtaque
514 871 592 910 cruor
603 853 719 908 calcatur
727 871 821 910 arena.

187 929 296 1000 Iamque
314 930 371 984 neci
388 928 596 1001 Sthenelumque
609 928 695 992 dedit,
711 929 919 1004 Thamyrimqut

681 1001 862 1077 Pholumque,

187 1077 262 1132 huno
277 1093 435 1151 congressus
449 1083 476 1132 et
489 1077 573 1146 hunc;
594 1076 673 1132 illum
687 1078 810 1206 emliqw
830 1080 919 1135 eminu

680 1168 724 1205 am

187 1224 357 1291 Imbrasidas,
374 1224 504 1281 Glaucum
519 1232 597 1297 atquc
605 1224 704 1311 Laden,
716 1243 788 1298 quos
800 1227 919 1283 Imhrmu

678 1316 739 1371 ipse

188 1373 314 1427 nutrierat
323 1374 412 1448 Lycia,
427 1375 590 1446 paribusque
598 1382 739 1429 ornaverat
749 1376 841 1442 armis,

133 1453 173 1500 att
187 1446 228 1500 vel
239 1446 354 1502 conferre
364 1466 484 1512 manum,
498 1449 540 1503 vel
550 1465 618 1519 equo
630 1457 796 1519 praevertere
805 1458 900 1507 ventor¹

188 1521 263 1575 Parte
272 1522 324 1575 alia
333 1523 419 1577 media
427 1522 558 1577 Eumedes
571 1523 599 1577 in
612 1522 710 1593 proelia
720 1522 813 1590 fertur,

188 1596 291 1666 antiqui
302 1596 386 1666 proles
397 1597 466 1652 hello
477 1596 606 1668 praeclara
616 1595 739 1666 Dolonis3

187 1670 294 1723 nomine
313 1687 394 1725 avum
406 1670 529 1737 referens,
545 1672 634 1726 animo
646 1672 830 1747 manibusque
841 1690 919 1747 parer

680 1753 751 1803 tem:

188 1816 235 1888 qui
246 1815 389 1888 quondam,
401 1826 485 1874 castra
494 1827 525 1875 ut
534 1821 654 1875 Danaum
664 1821 816 1893 speculator
823 1823 904 1885 adiret,

133 1901 172 1945 350
187 1908 268 1945 ausus
279 1891 382 1946 Pelidae
390 1893 505 1964 pretium
516 1895 567 1948 sihi
576 1910 683 1966 poscere
694 1911 805 1954 currus:

187 1965 264 2020 illum
274 1965 388 2040 Tydides
397 1966 449 2022 alio
459 1985 506 2038 pro
515 1968 612 2024 talibus
621 1971 695 2024 ausis

189 2041 272 2095 affecit
283 2041 380 2112 pretio;
402 2059 450 2097 nec
459 2044 535 2115 equis
545 2042 661 2115 adspirat
670 2044 795 2100 Achillis.

187 2116 265 2170 Hunc
274 2115 364 2187 procul
375 2124 404 2171 ut
415 2134 507 2188 campo
515 2119 622 2173 Turnus
631 2120 768 2190 prospexit
776 2128 877 2193 aperto:

189 2196 249 2244 ante
259 2190 311 2245 levi
322 2189 405 2245 iaculo
416 2191 525 2265 longum
536 2208 584 2264 per
593 2193 671 2247 inane
680 2201 799 2260 secutus,

135 2273 173 2316 355
188 2263 257 2317 sistit
266 2281 348 2336 equos
359 2266 471 2339 biiuges,
486 2275 512 2322 et
521 2284 601 2321 curru
610 2267 706 2333 desilit,
719 2276 800 2340 atque

188 2337 342 2391 semianimi
371 2339 497 2413 lapsoque
506 2342 666 2412 supervenit,
678 2349 712 2407 et,
724 2343 867 2414 pedecollo

190 2413 327 2483 impresso,
339 2414 445 2470 dextrae
454 2432 607 2471 mucronem
616 2424 763 2488 extorquet,
774 2425 802 2473 et
811 2419 863 2474 alto

188 2484 333 2560 fulgentem
348 2487 427 2561 tingit
439 2490 545 2563 iugulo,
566 2498 645 2562 atque
655 2490 720 2545 haec
728 2491 840 2566 insuper
850 2490 917 2550 aaut:

189 2563 242 2631 En,
255 2578 333 2639 agros
344 2568 380 2628 et,
388 2580 472 2636 quarn
480 2564 558 2630 hello,
569 2564 689 2631 Troiane,
701 2566 803 2637 petisti,

131 2652 174 2699 360
192 2639 884 2720 Hesperiammet'rreiaoene·.‘nummorumquime
917 2722 919 2733 Ι
