1846 3052
22 170 24 173 ·
131 127 174 205 et
293 149 323 193 n.
337 144 514 223 ὶ5315511315
531 144 748 192 nunonis.

131 257 155 303 et
164 247 269 302 tandem
279 247 371 319 positis
381 245 458 302 velox
467 245 596 301 Arethusa
605 244 719 318 sagittis.

77 330 116 377 345
131 325 200 378 Inter
208 340 275 393 quas
284 340 374 377 curam
384 321 512 394 Clymene
520 321 641 374 narrabat
650 321 763 396 inanem¹

133 397 254 461 Vulcani,
266 397 409 468 Martisque
418 395 491 450 dolos
501 402 525 449 et
535 394 622 449 dulcia
629 393 712 458 lurta3

132 489 201 544 aque
211 471 281 526 Chao
290 471 385 526 densos
393 471 487 525 divum
496 469 651 524 numerabat
661 485 772 524 amores.

53 543 56 548 ⁸
132 546 255 601 Carmine
263 563 317 618 quo
325 553 414 616 captae
422 545 488 599 dum
496 542 563 598 fusis
573 542 662 598 mollia
671 561 753 614 pensa

133 619 283 684 devolvunt,
296 621 391 675 iterum
400 626 531 673 maternas
540 618 646 689 impulit
655 636 732 673 aures

80 706 118 749 353
132 695 219 749 luctus
228 694 347 759 Aristaei,
361 694 504 764 vitreisque
513 692 640 748 sedilibus
649 710 742 747 omnes

133 769 302 841 obstupuere;
323 769 370 823 sed
379 775 438 823 ante
448 767 512 822 alias
521 767 650 822 Arethusa
660 785 760 822 sorores

35 848 39 852 ’
133 845 303 916 prospiciens,
314 860 418 897 summa
428 841 527 896 flavum
536 849 614 912 caput
624 842 717 897 extulit
728 843 813 911 unda,

134 927 159 973 et
168 917 273 990 procul:
293 917 316 973 0
324 917 425 991 gemitu
435 934 488 971 non
498 915 594 971 frustra
603 918 724 972 exterrita
736 925 815 982 tanto,

135 993 235 1066 Cyrene
245 1009 326 1057 soror,
337 992 394 1063 ipse
404 992 461 1055 tibi,
471 998 516 1046 tua
526 992 642 1046 maxima
651 1009 723 1057 cura,

81 1079 119 1122 355
133 1068 214 1122 tristis
224 1066 357 1121 Aristaeus
367 1067 444 1121 Penei
454 1066 579 1140 genitoris
588 1066 623 1120 ad
630 1066 732 1121 undam

135 1150 184 1197 stat
193 1142 340 1206 lacrimans,
351 1149 376 1197 et
386 1149 410 1196 te
418 1140 550 1196 crudelem
561 1141 666 1196 nomine
676 1142 748 1196 dicit.

134 1218 201 1272 Huic
209 1235 332 1288 percussa
341 1234 408 1273 nova
419 1223 531 1271 mentem
542 1215 681 1270 formidine
690 1224 781 1281 mater,

131 1293 195 1359 Duc,
207 1310 263 1366 age,
278 1293 331 1346 duc
339 1293 374 1347 ad
383 1310 445 1359 n0s;
466 1290 505 1345 las
515 1290 553 1345 illi
564 1290 757 1346 liminadivdm

135 1374 250 1441 tangere,
262 1367 310 1422 ait:
331 1367 412 1422 simul
423 1366 473 1421 alta
482 1366 554 1420 iubet
563 1365 694 1420 discedere
703 1365 754 1420 late

82 1451 122 1496 363
136 1440 255 1506 ilumina,
267 1443 433 1514 quaiuvenis
442 1458 548 1514 gressus
557 1439 672 1495 inferret.
692 1439 812 1495 Atilium

136 1523 240 1570 curvata
254 1517 281 1570 in
291 1517 388 1571 montis
397 1516 488 1570 faciem
498 1515 666 1570 circumstetit
675 1516 757 1581 unda,

137 1591 285 1661 accepitque
294 1591 356 1644 sinu
366 1598 448 1655 vasto,
462 1590 587 1662 misitque
596 1591 647 1645 sub
659 1608 776 1645 amnem.

136 1664 362 1735 Iamquedcmum
372 1665 858 1739 miransgenetricis,cthumidaregna

138 1738 323 1811 speluncisque
332 1737 404 1794 lacus
413 1739 525 1803 clausos,
541 1738 666 1811 lucosque
674 1747 807 1806 sonantes,

84 1823 123 1867 355
139 1814 201 1878 ibat,
214 1821 238 1867 et
248 1813 347 1886 ingenti
356 1821 430 1868 motu
439 1813 597 1884 stupefactus
607 1832 745 1886 aquarum,

138 1888 226 1943 omnia
238 1889 289 1942 sub
299 1905 395 1962 magna
404 1888 515 1944 labentia
525 1888 634 1944 flumina
647 1898 713 1944 terra

138 1963 269 2034 spectabat
278 1963 380 2018 diversa
391 1963 461 2028 locis,
474 1964 632 2036 Phasinque,
645 1966 811 2038 Lycumque,

140 2045 164 2092 et
173 2047 260 2110 caput,
272 2038 343 2093 unde
353 2037 421 2093 altus
430 2039 546 2110 primurn
558 2057 586 2094 se
594 2040 708 2110 erumpit
716 2040 844 2110 Enipeus,

139 2113 210 2168 unde
219 2121 291 2185 pater
301 2113 449 2179 Tiberinus,
460 2121 484 2168 et
494 2113 674 2169 undeAniena
683 2113 790 2180 fluenta,
826 2162 829 2171 .

86 2197 125 2240 eto
139 2205 317 2260 saxosumque
326 2206 422 2243 sonans
431 2189 558 2262 Hypanis,
569 2190 714 2262 Mysusque
724 2189 828 2254 Caicus,

139 2271 164 2317 et
172 2263 276 2336 gemina
287 2271 393 2318 auratus
403 2264 505 2318 taurino
515 2281 611 2318 cornua
621 2263 697 2319 vultu

140 2337 286 2392 Eridanus:
307 2355 360 2408 quo
371 2356 423 2393 non
434 2338 501 2392 alius
511 2355 556 2409 per
565 2339 674 2410 pinguia
685 2337 754 2393 culta

141 2413 169 2466 in
179 2429 251 2466 mare
260 2429 423 2483 purpureum
434 2413 569 2468 violentior
579 2412 661 2467 effluit
670 2414 764 2467 amnis.

140 2488 282 2558 Postquam
291 2495 331 2542 est
340 2488 368 2542 in
380 2487 489 2542 thalami
498 2488 636 2559 pendentia
645 2490 751 2559 pumice
760 2494 825 2543 tecta

89 2571 127 2614 315
141 2569 306 2633 perventum,
319 2569 343 2617 et
352 2563 425 2636 gnati
435 2561 510 2616 lletus
520 2563 641 2636 cognovit
653 2563 743 2617 inanes

140 2636 256 2714 Cyrene:
276 2638 402 2696 manibus
410 2636 526 2712 liquidos
534 2637 598 2693 dant
606 2637 697 2692 ordine
706 2636 790 2692 lcnoes
