1846 3052
138 173 334 220 AENEIDOS
352 173 422 219 LIB.
441 173 486 220 VI.
634 168 681 224 231

106 289 128 335 e,
141 272 249 343 spoliata
260 272 350 338 armis,
362 289 473 329 excussa
482 272 618 348 magistro,

106 348 147 401 itis
160 347 236 402 navis
247 349 417 421 surgentibus
427 347 518 403 uudis.

111 422 653 495 hibernasimmensaperaequoranoctee
700 433 738 477 355

106 495 297 568 rientusaqua;
319 497 366 553 vix
376 496 477 552 lumine
486 503 579 569 quarto

106 570 174 626 ilium
186 589 291 626 summa
301 572 425 626 sublimis
434 573 468 627 ab
477 571 558 626 unda.

106 646 216 699 dnabam
230 654 322 700 terrae:
344 647 397 700 iam
407 652 462 700 tuta
472 646 602 709 tenebam,

106 720 167 774 ielis
178 720 282 774 madida
295 737 357 774 cum
368 728 440 774 veste
447 727 597 793 gravatum,

108 811 161 865 que
172 795 246 848 uncis
256 796 380 849 manibus
389 795 473 865 capita
483 811 575 866 aspera
584 794 690 859 montis,
699 805 738 849 att

106 876 167 933 sset,
179 868 356 941 praedamque
365 870 456 942 ignara
464 876 588 941 putasset.

107 951 175 998 ictus
185 944 270 1008 habet,
283 955 441 1015 versantque
451 945 477 998 in
490 943 564 998 litore
573 944 655 998 venti.

107 1017 184 1072 meli
194 1018 340 1073 iucundum
351 1018 441 1074 lumen
453 1027 477 1073 et
489 1036 575 1083 auras,

107 1110 141 1147 un
151 1109 205 1157 oro,
217 1110 263 1163 per
272 1111 333 1163 spes
342 1095 474 1165 surgentis
484 1092 547 1146 Iuli:

107 1185 124 1231 r,
136 1167 240 1232 invicte,
253 1168 353 1236 maliet
364 1176 410 1222 aut
421 1175 448 1221 tu
458 1167 524 1221 mihi
534 1173 630 1220 terram
700 1177 739 1220 355

107 1259 157 1313 que
169 1250 251 1312 potes,
263 1251 408 1314 portusque
417 1241 521 1312 require
531 1238 650 1308 Velinus;

107 1333 133 1370 ra
143 1317 186 1370 via
196 1330 243 1381 est,
255 1318 279 1370 si
289 1334 370 1387 quam
383 1317 432 1370 tibi
442 1315 503 1370 diva
512 1314 624 1368 creatrix

107 1409 159 1462 que
171 1392 251 1454 enim,
265 1391 350 1455 credo,
362 1392 419 1444 sine
429 1390 539 1444 numine
548 1388 642 1444 divum

107 1472 131 1519 ta
143 1483 218 1536 paras
228 1465 402 1539 Stygiamque
410 1465 502 1519 innare
511 1462 652 1536 paludem),

116 1541 221 1605 misero,
234 1550 259 1595 et
269 1550 354 1596 tecum
364 1557 407 1594 me
417 1538 478 1593 tolle
487 1555 533 1610 per
545 1537 643 1592 undas:
699 1547 739 1590 atu

107 1615 191 1669 ialtem
201 1615 311 1686 placidis
322 1615 349 1670 iu
362 1623 445 1669 morte
453 1614 598 1685 quiescam.

107 1698 164 1754 eret,
177 1690 260 1760 coepit
269 1706 354 1761 quum
366 1688 426 1744 talia
436 1695 522 1744 vates:

109 1764 266 1829 oPaliuure,
279 1765 326 1819 tibi
336 1771 390 1818 tam
400 1764 458 1818 dim
467 1760 592 1839 cupido‘?1

108 1840 262 1893 inhumatus
272 1856 355 1910 aquas
365 1854 523 1910 amnemque
533 1853 654 1890 severum

107 1914 269 1985 nadspicies‚
284 1917 403 1985 ripamve
413 1913 532 1968 iniussus
542 1909 646 1966 adibis?
699 1919 739 1963 375

107 1989 185 2043 deum
196 1988 260 2043 ssecti
272 2005 376 2059 sperare
385 1987 525 2059 precando.

107 2074 142 2116 :ta
153 2081 261 2127 memor,
274 2062 334 2117 duri
344 2063 434 2117 solatia
444 2078 531 2115 casus.

107 2138 180 2192 iitimi
191 2137 268 2210 longe
278 2138 381 2209 lateque
390 2154 436 2208 per
447 2135 537 2198 urbes,

108 2213 128 2266 ti
138 2212 302 2276 coelestibus,
314 2229 372 2267 ossa
383 2211 504 2282 piabunt3

110 2287 243 2352 umulum,
256 2296 281 2341 et
291 2286 392 2341 tumulo
403 2283 530 2339 solemnia
539 2281 655 2350 mitteut3
700 2290 740 2333 eto

108 2380 131 2416 ie
140 2362 213 2417 locus
223 2361 341 2417 Palinuri
352 2377 447 2415 nomen
457 2357 573 2412 habebit.

108 2455 163 2492 rree
173 2444 280 2500 emotae,
292 2435 441 2507 pulsusque
449 2448 591 2504 parumper

112 2513 194 2566 tristi:
215 2511 312 2584 gaudet
320 2508 476 2584 cognomine
485 2513 562 2563 terra.
646 2576 651 2587 Ι

108 2604 113 2618 ·
126 2587 259 2659 inceptum
273 2591 413 2662 peragunt,
429 2581 564 2654 fluvioque
577 2593 685 2652 propiu-

435 2663 536 2737 quent.
