<?xml version="1.0" encoding="UTF-8"?>
<!DOCTYPE html PUBLIC "-//W3C//DTD XHTML 1.0 Transitional//EN"
    "http://www.w3.org/TR/xhtml1/DTD/xhtml1-transitional.dtd">
<html xmlns="http://www.w3.org/1999/xhtml" xml:lang="en" lang="en">
 <head>
  <title>
</title>
<meta http-equiv="Content-Type" content="text/html;charset=utf-8" />
  <meta name='ocr-system' content='tesseract 3.04.00' />
  <meta name='ocr-capabilities' content='ocr_page ocr_carea ocr_par ocr_line ocrx_word'/>
</head>
<body>
  <div class='ocr_page' id='page_1' title='image "./publivergilimar00virggoog/publivergilimar00virggoog_0295.png"; bbox 0 0 1846 3052; ppageno 0'>
   <div class='ocr_carea' id='block_1_1' title="bbox 182 162 754 220">
    <p class='ocr_par' dir='ltr' id='par_1_1' title="bbox 182 162 754 220">
     <span class='ocr_line' id='line_1_1' title="bbox 182 162 754 220; baseline -0.016 -1"><span class='ocrx_word' id='word_1_1' title='bbox 182 162 232 220; x_wconf 67' lang='lat'>271</span> <span class='ocrx_word' id='word_1_2' title='bbox 347 170 375 214; x_wconf 84' lang='lat' dir='ltr'>P.</span> <span class='ocrx_word' id='word_1_3' title='bbox 395 164 564 214; x_wconf 78' lang='lat' dir='ltr'>v1ac1u11</span> <span class='ocrx_word' id='word_1_4' title='bbox 580 162 754 213; x_wconf 66' lang='lat' dir='ltr'>canotus</span> 
     </span>
    </p>
   </div>
   <div class='ocr_carea' id='block_1_2' title="bbox 128 265 921 2746">
    <p class='ocr_par' dir='ltr' id='par_1_2' title="bbox 181 265 869 563">
     <span class='ocr_line' id='line_1_2' title="bbox 182 265 866 343; baseline -0.003 -19"><span class='ocrx_word' id='word_1_5' title='bbox 182 270 210 324; x_wconf 92' lang='lat' dir='ltr'>iu</span> <span class='ocrx_word' id='word_1_6' title='bbox 222 276 362 343; x_wconf 82' lang='lat' dir='ltr'>partesque</span> <span class='ocrx_word' id='word_1_7' title='bbox 372 267 440 338; x_wconf 84' lang='lat' dir='ltr'>rapit</span> <span class='ocrx_word' id='word_1_8' title='bbox 450 265 546 330; x_wconf 88' lang='lat' dir='ltr'>varias,</span> <span class='ocrx_word' id='word_1_9' title='bbox 557 281 658 337; x_wconf 82' lang='lat' dir='ltr'>perque</span> <span class='ocrx_word' id='word_1_10' title='bbox 667 265 757 321; x_wconf 86' lang='lat' dir='ltr'>omnia</span> <span class='ocrx_word' id='word_1_11' title='bbox 765 272 866 322; x_wconf 85' lang='lat' dir='ltr'>versat:</span> 
     </span>
     <span class='ocr_line' id='line_1_3' title="bbox 182 338 831 415; baseline -0.006 -15"><span class='ocrx_word' id='word_1_12' title='bbox 182 345 250 399; x_wconf 88' lang='lat' dir='ltr'>sicut</span> <span class='ocrx_word' id='word_1_13' title='bbox 259 359 343 415; x_wconf 87' lang='lat' dir='ltr'>aquae</span> <span class='ocrx_word' id='word_1_14' title='bbox 351 341 494 397; x_wconf 89' lang='lat' dir='ltr'>tremulum</span> <span class='ocrx_word' id='word_1_15' title='bbox 505 339 585 396; x_wconf 85' lang='lat' dir='ltr'>labris</span> <span class='ocrx_word' id='word_1_16' title='bbox 595 339 643 394; x_wconf 90' lang='lat' dir='ltr'>ubi</span> <span class='ocrx_word' id='word_1_17' title='bbox 655 338 746 395; x_wconf 88' lang='lat' dir='ltr'>lumen</span> <span class='ocrx_word' id='word_1_18' title='bbox 757 340 831 396; x_wconf 69' lang='lat' dir='ltr'>eduis</span> 
     </span>
     <span class='ocr_line' id='line_1_4' title="bbox 182 414 869 490; baseline -0.004 -17"><span class='ocrx_word' id='word_1_19' title='bbox 182 418 237 474; x_wconf 86' lang='lat' dir='ltr'>sole</span> <span class='ocrx_word' id='word_1_20' title='bbox 247 433 439 490; x_wconf 88' lang='lat' dir='ltr'>repercussum,</span> <span class='ocrx_word' id='word_1_21' title='bbox 450 423 496 470; x_wconf 84' lang='lat' dir='ltr'>eut</span> <span class='ocrx_word' id='word_1_22' title='bbox 505 415 631 470; x_wconf 88' lang='lat' dir='ltr'>radiantis</span> <span class='ocrx_word' id='word_1_23' title='bbox 642 414 761 488; x_wconf 80' lang='lat' dir='ltr'><strong>imagine</strong></span> <span class='ocrx_word' id='word_1_24' title='bbox 770 415 869 481; x_wconf 85' lang='lat' dir='ltr'>Lunae,</span> 
     </span>
     <span class='ocr_line' id='line_1_5' title="bbox 181 489 822 563; baseline -0.005 -15"><span class='ocrx_word' id='word_1_25' title='bbox 181 493 270 548; x_wconf 88' lang='lat' dir='ltr'>omnia</span> <span class='ocrx_word' id='word_1_26' title='bbox 279 491 417 563; x_wconf 79' lang='lat' dir='ltr'>pervolitat</span> <span class='ocrx_word' id='word_1_27' title='bbox 426 490 477 546; x_wconf 90' lang='lat' dir='ltr'>late</span> <span class='ocrx_word' id='word_1_28' title='bbox 486 490 549 555; x_wconf 86' lang='lat' dir='ltr'>loca,</span> <span class='ocrx_word' id='word_1_29' title='bbox 564 489 672 562; x_wconf 86' lang='lat' dir='ltr'>iamque</span> <span class='ocrx_word' id='word_1_30' title='bbox 682 489 734 544; x_wconf 85' lang='lat' dir='ltr'>s&#39;ub</span> <span class='ocrx_word' id='word_1_31' title='bbox 744 507 822 545; x_wconf 81' lang='lat' dir='ltr'>auras</span> 
     </span>
    </p>

    <p class='ocr_par' dir='ltr' id='par_1_3' title="bbox 128 564 755 641">
     <span class='ocr_line' id='line_1_6' title="bbox 128 564 755 641; baseline -0.006 -20"><span class='ocrx_word' id='word_1_32' title='bbox 128 577 153 621; x_wconf 78' lang='lat'>25</span> <span class='ocrx_word' id='word_1_33' title='bbox 181 568 299 641; x_wconf 82' lang='lat' dir='ltr'>erigitur,</span> <span class='ocrx_word' id='word_1_34' title='bbox 312 566 465 638; x_wconf 84' lang='lat' dir='ltr'><strong>summique</strong></span> <span class='ocrx_word' id='word_1_35' title='bbox 477 564 535 621; x_wconf 89' lang='lat' dir='ltr'>lerit</span> <span class='ocrx_word' id='word_1_36' title='bbox 546 564 755 636; x_wconf 87' lang='lat' dir='ltr'>laqueariatecti.</span> 
     </span>
    </p>

    <p class='ocr_par' dir='ltr' id='par_1_4' title="bbox 182 637 887 935">
     <span class='ocr_line' id='line_1_7' title="bbox 182 637 814 710; baseline -0.008 -12"><span class='ocrx_word' id='word_1_37' title='bbox 182 644 241 698; x_wconf 87' lang='lat' dir='ltr'>Nox</span> <span class='ocrx_word' id='word_1_38' title='bbox 251 649 313 707; x_wconf 91' lang='lat' dir='ltr'>erat,</span> <span class='ocrx_word' id='word_1_39' title='bbox 326 638 443 697; x_wconf 65' lang='lat' dir='ltr'>et&#39;terras</span> <span class='ocrx_word' id='word_1_40' title='bbox 452 638 575 695; x_wconf 88' lang='lat' dir='ltr'>animalia</span> <span class='ocrx_word' id='word_1_41' title='bbox 584 637 653 694; x_wconf 86' lang='lat' dir='ltr'>fessa</span> <span class='ocrx_word' id='word_1_42' title='bbox 661 655 710 710; x_wconf 90' lang='lat' dir='ltr'>per</span> <span class='ocrx_word' id='word_1_43' title='bbox 719 654 814 693; x_wconf 78' lang='lat' dir='ltr'>omues</span> 
     </span>
     <span class='ocr_line' id='line_1_8' title="bbox 182 711 887 788; baseline -0.007 -16"><span class='ocrx_word' id='word_1_44' title='bbox 182 715 296 772; x_wconf 81' lang='lat' dir='ltr'>alituum</span> <span class='ocrx_word' id='word_1_45' title='bbox 306 715 492 788; x_wconf 85' lang='lat' dir='ltr'>pecudumque</span> <span class='ocrx_word' id='word_1_46' title='bbox 500 731 585 788; x_wconf 82' lang='lat' dir='ltr'>genus</span> <span class='ocrx_word' id='word_1_47' title='bbox 594 730 673 785; x_wconf 89' lang='lat' dir='ltr'>sopor</span> <span class='ocrx_word' id='word_1_48' title='bbox 683 712 753 768; x_wconf 87' lang='lat' dir='ltr'>altus</span> <span class='ocrx_word' id='word_1_49' title='bbox 761 711 887 768; x_wconf 81' lang='lat' dir='ltr'>habebat:</span> 
     </span>
     <span class='ocr_line' id='line_1_9' title="bbox 182 787 841 864; baseline -0.006 -17"><span class='ocrx_word' id='word_1_50' title='bbox 182 809 269 864; x_wconf 88' lang='lat' dir='ltr'>quum</span> <span class='ocrx_word' id='word_1_51' title='bbox 278 799 350 864; x_wconf 86' lang='lat' dir='ltr'>pater</span> <span class='ocrx_word' id='word_1_52' title='bbox 360 792 387 845; x_wconf 89' lang='lat' dir='ltr'>iu</span> <span class='ocrx_word' id='word_1_53' title='bbox 399 791 455 861; x_wconf 89' lang='lat' dir='ltr'>ripa</span> <span class='ocrx_word' id='word_1_54' title='bbox 464 788 598 863; x_wconf 84' lang='lat' dir='ltr'>gelidique</span> <span class='ocrx_word' id='word_1_55' title='bbox 607 787 660 843; x_wconf 85' lang='lat' dir='ltr'>sub</span> <span class='ocrx_word' id='word_1_56' title='bbox 669 787 781 844; x_wconf 84' lang='lat' dir='ltr'>aetheris</span> <span class='ocrx_word' id='word_1_57' title='bbox 791 804 841 844; x_wconf 84' lang='lat' dir='ltr'>axe</span> 
     </span>
     <span class='ocr_line' id='line_1_10' title="bbox 182 862 705 935; baseline -0.006 -14"><span class='ocrx_word' id='word_1_58' title='bbox 182 868 292 931; x_wconf 80' lang='lat' dir='ltr'>Aeneas,</span> <span class='ocrx_word' id='word_1_59' title='bbox 306 864 373 921; x_wconf 91' lang='lat' dir='ltr'>tristi</span> <span class='ocrx_word' id='word_1_60' title='bbox 382 865 503 919; x_wconf 89' lang='lat' dir='ltr'>turbatus</span> <span class='ocrx_word' id='word_1_61' title='bbox 515 871 617 935; x_wconf 87' lang='lat' dir='ltr'>pectora</span> <span class='ocrx_word' id='word_1_62' title='bbox 627 862 705 930; x_wconf 90' lang='lat' dir='ltr'>bello,</span> 
     </span>
    </p>

    <p class='ocr_par' dir='ltr' id='par_1_5' title="bbox 128 936 883 1236">
     <span class='ocr_line' id='line_1_11' title="bbox 128 936 883 1013; baseline -0.004 -19"><span class='ocrx_word' id='word_1_63' title='bbox 128 951 154 994; x_wconf 80' lang='lat'>30</span> <span class='ocrx_word' id='word_1_64' title='bbox 182 941 331 1013; x_wconf 84' lang='lat' dir='ltr'>procubuit,</span> <span class='ocrx_word' id='word_1_65' title='bbox 343 956 482 1011; x_wconf 86' lang='lat' dir='ltr'>seramque</span> <span class='ocrx_word' id='word_1_66' title='bbox 491 938 562 993; x_wconf 89' lang='lat' dir='ltr'>dedit</span> <span class='ocrx_word' id='word_1_67' title='bbox 572 955 618 1010; x_wconf 88' lang='lat' dir='ltr'>per</span> <span class='ocrx_word' id='word_1_68' title='bbox 627 937 747 992; x_wconf 90' lang='lat' dir='ltr'>membra</span> <span class='ocrx_word' id='word_1_69' title='bbox 757 936 883 1009; x_wconf 82' lang='lat' dir='ltr'>quietem.</span> 
     </span>
     <span class='ocr_line' id='line_1_12' title="bbox 183 1012 815 1086; baseline -0.008 -15"><span class='ocrx_word' id='word_1_70' title='bbox 183 1016 251 1071; x_wconf 88' lang='lat' dir='ltr'>Huic</span> <span class='ocrx_word' id='word_1_71' title='bbox 260 1015 326 1070; x_wconf 92' lang='lat' dir='ltr'>deus</span> <span class='ocrx_word' id='word_1_72' title='bbox 335 1016 391 1086; x_wconf 92' lang='lat' dir='ltr'>ipse</span> <span class='ocrx_word' id='word_1_73' title='bbox 402 1012 452 1068; x_wconf 90' lang='lat' dir='ltr'>loci</span> <span class='ocrx_word' id='word_1_74' title='bbox 464 1012 545 1068; x_wconf 90' lang='lat' dir='ltr'>lluvio</span> <span class='ocrx_word' id='word_1_75' title='bbox 554 1012 695 1068; x_wconf 86' lang='lat' dir='ltr'>Tiberinus</span> <span class='ocrx_word' id='word_1_76' title='bbox 704 1028 815 1067; x_wconf 88' lang='lat' dir='ltr'>amoeno</span> 
     </span>
     <span class='ocr_line' id='line_1_13' title="bbox 183 1085 762 1163; baseline -0.007 -18"><span class='ocrx_word' id='word_1_77' title='bbox 183 1090 309 1163; x_wconf 88' lang='lat' dir='ltr'>populeas</span> <span class='ocrx_word' id='word_1_78' title='bbox 323 1089 389 1144; x_wconf 91' lang='lat' dir='ltr'>iuter</span> <span class='ocrx_word' id='word_1_79' title='bbox 398 1088 485 1143; x_wconf 86' lang='lat' dir='ltr'>senior</span> <span class='ocrx_word' id='word_1_80' title='bbox 494 1106 523 1143; x_wconf 89' lang='lat' dir='ltr'>se</span> <span class='ocrx_word' id='word_1_81' title='bbox 531 1087 646 1142; x_wconf 86' lang='lat' dir='ltr'>attollere</span> <span class='ocrx_word' id='word_1_82' title='bbox 656 1085 762 1142; x_wconf 86' lang='lat' dir='ltr'>frondes</span> 
     </span>
     <span class='ocr_line' id='line_1_14' title="bbox 183 1162 776 1236; baseline -0.01 -15"><span class='ocrx_word' id='word_1_83' title='bbox 183 1167 273 1234; x_wconf 84' lang='lat' dir='ltr'>visus3</span> <span class='ocrx_word' id='word_1_84' title='bbox 294 1182 356 1219; x_wconf 91' lang='lat' dir='ltr'>eum</span> <span class='ocrx_word' id='word_1_85' title='bbox 365 1163 452 1218; x_wconf 91' lang='lat' dir='ltr'>tenuis</span> <span class='ocrx_word' id='word_1_86' title='bbox 460 1162 554 1236; x_wconf 84' lang='lat' dir='ltr'>glauco</span> <span class='ocrx_word' id='word_1_87' title='bbox 565 1162 669 1217; x_wconf 86' lang='lat' dir='ltr'>velabat</span> <span class='ocrx_word' id='word_1_88' title='bbox 678 1163 776 1216; x_wconf 88' lang='lat' dir='ltr'>amictu</span> 
     </span>
    </p>

    <p class='ocr_par' dir='ltr' id='par_1_6' title="bbox 141 1231 819 1311">
     <span class='ocr_line' id='line_1_15' title="bbox 141 1231 819 1311; baseline -0.012 -14"><span class='ocrx_word' id='word_1_89' title='bbox 141 1231 146 1250; x_wconf 88' lang='lat'>&#39;</span> <span class='ocrx_word' id='word_1_90' title='bbox 183 1241 316 1304; x_wconf 78' lang='lat' dir='ltr'>carbasus,</span> <span class='ocrx_word' id='word_1_91' title='bbox 329 1246 354 1294; x_wconf 90' lang='lat' dir='ltr'>et</span> <span class='ocrx_word' id='word_1_92' title='bbox 363 1238 448 1294; x_wconf 86' lang='lat' dir='ltr'>crines</span> <span class='ocrx_word' id='word_1_93' title='bbox 457 1238 581 1293; x_wconf 85' lang='lat' dir='ltr'>umbrosa</span> <span class='ocrx_word' id='word_1_94' title='bbox 592 1237 692 1311; x_wconf 81' lang='lat' dir='ltr'>tegebat</span> <span class='ocrx_word' id='word_1_95' title='bbox 701 1234 819 1304; x_wconf 87' lang='lat' dir='ltr'>arundo;</span> 
     </span>
    </p>

    <p class='ocr_par' dir='ltr' id='par_1_7' title="bbox 129 1310 765 1377">
     <span class='ocr_line' id='line_1_16' title="bbox 129 1310 765 1377; baseline -0.003 -9"><span class='ocrx_word' id='word_1_96' title='bbox 129 1325 155 1370; x_wconf 71' lang='lat'>35</span> <span class='ocrx_word' id='word_1_97' title='bbox 182 1322 240 1371; x_wconf 87' lang='lat' dir='ltr'>tum</span> <span class='ocrx_word' id='word_1_98' title='bbox 251 1315 289 1369; x_wconf 91' lang='lat' dir='ltr'>sic</span> <span class='ocrx_word' id='word_1_99' title='bbox 298 1313 380 1377; x_wconf 84' lang='lat' dir='ltr'>effari,</span> <span class='ocrx_word' id='word_1_100' title='bbox 391 1320 416 1367; x_wconf 89' lang='lat' dir='ltr'>et</span> <span class='ocrx_word' id='word_1_101' title='bbox 423 1329 500 1368; x_wconf 87' lang='lat' dir='ltr'>cures</span> <span class='ocrx_word' id='word_1_102' title='bbox 509 1312 552 1367; x_wconf 93' lang='lat' dir='ltr'>his</span> <span class='ocrx_word' id='word_1_103' title='bbox 562 1312 666 1367; x_wconf 89' lang='lat' dir='ltr'>demere</span> <span class='ocrx_word' id='word_1_104' title='bbox 675 1310 765 1366; x_wconf 87' lang='lat' dir='ltr'>dictis:</span> 
     </span>
    </p>

    <p class='ocr_par' dir='ltr' id='par_1_8' title="bbox 183 1383 918 1680">
     <span class='ocr_line' id='line_1_17' title="bbox 221 1383 918 1463; baseline -0.006 -19"><span class='ocrx_word' id='word_1_105' title='bbox 221 1389 308 1445; x_wconf 84' lang='lat' dir='ltr'>Osate</span> <span class='ocrx_word' id='word_1_106' title='bbox 317 1396 395 1463; x_wconf 84' lang='lat' dir='ltr'>gente</span> <span class='ocrx_word' id='word_1_107' title='bbox 404 1387 493 1453; x_wconf 83' lang='lat' dir='ltr'>deum,</span> <span class='ocrx_word' id='word_1_108' title='bbox 507 1387 647 1442; x_wconf 84' lang='lat' dir='ltr'>Troianam</span> <span class='ocrx_word' id='word_1_109' title='bbox 656 1403 690 1441; x_wconf 85' lang='lat' dir='ltr'>ex</span> <span class='ocrx_word' id='word_1_110' title='bbox 699 1384 823 1441; x_wconf 87' lang='lat' dir='ltr'>hostibus</span> <span class='ocrx_word' id='word_1_111' title='bbox 834 1383 918 1441; x_wconf 67' lang='lat' dir='ltr'>urbm</span> 
     </span>
     <span class='ocr_line' id='line_1_18' title="bbox 184 1463 855 1536; baseline 0 -18"><span class='ocrx_word' id='word_1_112' title='bbox 184 1463 232 1536; x_wconf 92' lang='lat' dir='ltr'>qui</span> <span class='ocrx_word' id='word_1_113' title='bbox 241 1463 345 1518; x_wconf 85' lang='lat' dir='ltr'>revehis</span> <span class='ocrx_word' id='word_1_114' title='bbox 355 1463 441 1528; x_wconf 90' lang='lat' dir='ltr'>uobis,</span> <span class='ocrx_word' id='word_1_115' title='bbox 455 1469 610 1534; x_wconf 89' lang='lat' dir='ltr'>aeternaque</span> <span class='ocrx_word' id='word_1_116' title='bbox 620 1463 746 1534; x_wconf 85' lang='lat' dir='ltr'>Pergama</span> <span class='ocrx_word' id='word_1_117' title='bbox 755 1477 855 1527; x_wconf 72' lang='lat' dir='ltr'>servae,</span> 
     </span>
     <span class='ocr_line' id='line_1_19' title="bbox 183 1530 781 1610; baseline -0.005 -17"><span class='ocrx_word' id='word_1_118' title='bbox 183 1545 329 1610; x_wconf 83' lang='lat' dir='ltr'>exspectate</span> <span class='ocrx_word' id='word_1_119' title='bbox 338 1537 394 1593; x_wconf 84' lang='lat' dir='ltr'>eolo</span> <span class='ocrx_word' id='word_1_120' title='bbox 404 1530 527 1593; x_wconf 80' lang='lat' dir='ltr'>Laurenti</span> <span class='ocrx_word' id='word_1_121' title='bbox 536 1537 660 1608; x_wconf 89' lang='lat' dir='ltr'>arvisque</span> <span class='ocrx_word' id='word_1_122' title='bbox 670 1535 781 1601; x_wconf 87' lang='lat' dir='ltr'>Latinis,</span> 
     </span>
     <span class='ocr_line' id='line_1_20' title="bbox 183 1609 861 1680; baseline -0.001 -13"><span class='ocrx_word' id='word_1_123' title='bbox 183 1613 228 1668; x_wconf 95' lang='lat' dir='ltr'>hic</span> <span class='ocrx_word' id='word_1_124' title='bbox 236 1612 285 1667; x_wconf 92' lang='lat' dir='ltr'>tibi</span> <span class='ocrx_word' id='word_1_125' title='bbox 294 1619 363 1667; x_wconf 85' lang='lat' dir='ltr'>certa</span> <span class='ocrx_word' id='word_1_126' title='bbox 375 1611 480 1678; x_wconf 92' lang='lat' dir='ltr'>domus,</span> <span class='ocrx_word' id='word_1_127' title='bbox 491 1612 562 1677; x_wconf 88' lang='lat' dir='ltr'>certi,</span> <span class='ocrx_word' id='word_1_128' title='bbox 575 1629 608 1666; x_wconf 91' lang='lat' dir='ltr'>ne</span> <span class='ocrx_word' id='word_1_129' title='bbox 620 1609 726 1676; x_wconf 86' lang='lat' dir='ltr'>absiste,</span> <span class='ocrx_word' id='word_1_130' title='bbox 738 1611 861 1680; x_wconf 83' lang='lat' dir='ltr'>Penates,</span> 
     </span>
    </p>

    <p class='ocr_par' dir='ltr' id='par_1_9' title="bbox 130 1685 896 2060">
     <span class='ocr_line' id='line_1_21' title="bbox 130 1685 839 1742; baseline -0.003 0"><span class='ocrx_word' id='word_1_131' title='bbox 130 1695 156 1742; x_wconf 84' lang='lat' dir='ltr'>lu</span> <span class='ocrx_word' id='word_1_132' title='bbox 184 1705 236 1742; x_wconf 91' lang='lat' dir='ltr'>neu</span> <span class='ocrx_word' id='word_1_133' title='bbox 246 1685 308 1741; x_wconf 90' lang='lat' dir='ltr'>belli</span> <span class='ocrx_word' id='word_1_134' title='bbox 318 1693 413 1742; x_wconf 86' lang='lat' dir='ltr'>terrere</span> <span class='ocrx_word' id='word_1_135' title='bbox 421 1687 512 1742; x_wconf 88' lang='lat' dir='ltr'>minis.</span> <span class='ocrx_word' id='word_1_136' title='bbox 542 1685 738 1741; x_wconf 89' lang='lat' dir='ltr'>Tumoromuis</span> <span class='ocrx_word' id='word_1_137' title='bbox 748 1691 773 1741; x_wconf 78' lang='lat' dir='ltr'>et</span> <span class='ocrx_word' id='word_1_138' title='bbox 783 1685 839 1741; x_wconf 88' lang='lat' dir='ltr'>irae</span> 
     </span>
     <span class='ocr_line' id='line_1_22' title="bbox 183 1756 736 1816; baseline 0 0"><span class='ocrx_word' id='word_1_139' title='bbox 183 1777 333 1816; x_wconf 88' lang='lat' dir='ltr'>concessere</span> <span class='ocrx_word' id='word_1_140' title='bbox 342 1760 432 1816; x_wconf 82' lang='lat' dir='ltr'>deum.</span> <span class='ocrx_word' id='word_1_141' title='bbox 732 1756 736 1763; x_wconf 79' lang='grc'><em>“</em></span> 
     </span>
     <span class='ocr_line' id='line_1_23' title="bbox 185 1834 896 1907; baseline -0.004 -16"><span class='ocrx_word' id='word_1_142' title='bbox 185 1838 294 1907; x_wconf 87' lang='lat' dir='ltr'>lamque</span> <span class='ocrx_word' id='word_1_143' title='bbox 303 1835 360 1900; x_wconf 87' lang='lat' dir='ltr'>tibi,</span> <span class='ocrx_word' id='word_1_144' title='bbox 375 1852 409 1890; x_wconf 89' lang='lat' dir='ltr'>ue</span> <span class='ocrx_word' id='word_1_145' title='bbox 419 1853 486 1890; x_wconf 88' lang='lat' dir='ltr'>vana</span> <span class='ocrx_word' id='word_1_146' title='bbox 495 1843 571 1907; x_wconf 90' lang='lat' dir='ltr'>putes</span> <span class='ocrx_word' id='word_1_147' title='bbox 581 1835 645 1890; x_wconf 79' lang='lat' dir='ltr'>baec</span> <span class='ocrx_word' id='word_1_148' title='bbox 655 1834 753 1907; x_wconf 80' lang='lat' dir='ltr'>ungere</span> <span class='ocrx_word' id='word_1_149' title='bbox 763 1851 896 1897; x_wconf 85' lang='lat' dir='ltr'>somnum,</span> 
     </span>
     <span class='ocr_line' id='line_1_24' title="bbox 185 1909 749 1984; baseline -0.007 -18"><span class='ocrx_word' id='word_1_150' title='bbox 185 1911 283 1966; x_wconf 88' lang='lat' dir='ltr'>litoreis</span> <span class='ocrx_word' id='word_1_151' title='bbox 292 1911 386 1984; x_wconf 82' lang='lat' dir='ltr'>iugens</span> <span class='ocrx_word' id='word_1_152' title='bbox 397 1910 503 1966; x_wconf 84' lang='lat' dir='ltr'>iuventa</span> <span class='ocrx_word' id='word_1_153' title='bbox 515 1909 567 1964; x_wconf 92' lang='lat' dir='ltr'>sub</span> <span class='ocrx_word' id='word_1_154' title='bbox 577 1909 682 1964; x_wconf 85' lang='lat' dir='ltr'>ilicibus</span> <span class='ocrx_word' id='word_1_155' title='bbox 692 1927 749 1976; x_wconf 91' lang='lat' dir='ltr'>sus,</span> 
     </span>
     <span class='ocr_line' id='line_1_25' title="bbox 184 1984 705 2060; baseline -0.004 -20"><span class='ocrx_word' id='word_1_156' title='bbox 184 1986 291 2060; x_wconf 80' lang='lat' dir='ltr'>triginta</span> <span class='ocrx_word' id='word_1_157' title='bbox 301 1985 416 2058; x_wconf 88' lang='lat' dir='ltr'>capitum</span> <span class='ocrx_word' id='word_1_158' title='bbox 426 1984 493 2040; x_wconf 86' lang='lat' dir='ltr'>fetus</span> <span class='ocrx_word' id='word_1_159' title='bbox 504 1986 592 2050; x_wconf 86' lang='lat' dir='ltr'>enixa,</span> <span class='ocrx_word' id='word_1_160' title='bbox 604 1984 705 2048; x_wconf 89' lang='lat' dir='ltr'>iacebit,</span> 
     </span>
    </p>

    <p class='ocr_par' dir='ltr' id='par_1_10' title="bbox 131 2058 921 2432">
     <span class='ocr_line' id='line_1_26' title="bbox 131 2058 807 2126; baseline -0.006 -10"><span class='ocrx_word' id='word_1_161' title='bbox 131 2070 157 2116; x_wconf 76' lang='lat' dir='ltr'>le</span> <span class='ocrx_word' id='word_1_162' title='bbox 185 2061 254 2126; x_wconf 86' lang='lat' dir='ltr'>alba,</span> <span class='ocrx_word' id='word_1_163' title='bbox 266 2060 321 2116; x_wconf 90' lang='lat' dir='ltr'>solo</span> <span class='ocrx_word' id='word_1_164' title='bbox 329 2061 467 2122; x_wconf 85' lang='lat' dir='ltr'>recubans,</span> <span class='ocrx_word' id='word_1_165' title='bbox 478 2059 532 2114; x_wconf 91' lang='lat' dir='ltr'>albi</span> <span class='ocrx_word' id='word_1_166' title='bbox 542 2059 642 2114; x_wconf 88' lang='lat' dir='ltr'>circum</span> <span class='ocrx_word' id='word_1_167' title='bbox 652 2059 734 2115; x_wconf 84' lang='lat' dir='ltr'>ubera</span> <span class='ocrx_word' id='word_1_168' title='bbox 744 2058 807 2113; x_wconf 92' lang='lat' dir='ltr'>uati.</span> 
     </span>
     <span class='ocr_line' id='line_1_27' title="bbox 186 2133 851 2206; baseline -0.005 -15"><span class='ocrx_word' id='word_1_169' title='bbox 186 2137 233 2191; x_wconf 86' lang='lat' dir='ltr'>llic</span> <span class='ocrx_word' id='word_1_170' title='bbox 241 2135 315 2192; x_wconf 87' lang='lat' dir='ltr'>locus</span> <span class='ocrx_word' id='word_1_171' title='bbox 325 2135 400 2191; x_wconf 90' lang='lat' dir='ltr'>urbis</span> <span class='ocrx_word' id='word_1_172' title='bbox 409 2135 466 2200; x_wconf 88' lang='lat' dir='ltr'>erit,</span> <span class='ocrx_word' id='word_1_173' title='bbox 481 2135 586 2206; x_wconf 84' lang='lat' dir='ltr'>requies</span> <span class='ocrx_word' id='word_1_174' title='bbox 595 2152 624 2189; x_wconf 90' lang='lat' dir='ltr'>ea</span> <span class='ocrx_word' id='word_1_175' title='bbox 635 2143 703 2189; x_wconf 89' lang='lat' dir='ltr'>certa</span> <span class='ocrx_word' id='word_1_176' title='bbox 713 2133 851 2189; x_wconf 89' lang='lat' dir='ltr'>laborum:</span> 
     </span>
     <span class='ocr_line' id='line_1_28' title="bbox 186 2207 790 2282; baseline -0.005 -16"><span class='ocrx_word' id='word_1_177' title='bbox 186 2228 219 2266; x_wconf 88' lang='lat' dir='ltr'>cx</span> <span class='ocrx_word' id='word_1_178' title='bbox 229 2228 283 2282; x_wconf 92' lang='lat' dir='ltr'>quo</span> <span class='ocrx_word' id='word_1_179' title='bbox 293 2219 332 2266; x_wconf 90' lang='lat' dir='ltr'>ter</span> <span class='ocrx_word' id='word_1_180' title='bbox 342 2211 416 2266; x_wconf 79' lang='lat' dir='ltr'>denis</span> <span class='ocrx_word' id='word_1_181' title='bbox 426 2211 520 2265; x_wconf 90' lang='lat' dir='ltr'>urbem</span> <span class='ocrx_word' id='word_1_182' title='bbox 530 2209 701 2264; x_wconf 86' lang='lat' dir='ltr'>redeuntibus</span> <span class='ocrx_word' id='word_1_183' title='bbox 710 2207 790 2264; x_wconf 86' lang='lat' dir='ltr'>aunis</span> 
     </span>
     <span class='ocr_line' id='line_1_29' title="bbox 186 2283 921 2359; baseline -0.001 -20"><span class='ocrx_word' id='word_1_184' title='bbox 186 2285 316 2340; x_wconf 78' lang='lat' dir='ltr'>Ascanius</span> <span class='ocrx_word' id='word_1_185' title='bbox 328 2285 391 2340; x_wconf 91' lang='lat' dir='ltr'>clari</span> <span class='ocrx_word' id='word_1_186' title='bbox 403 2285 495 2341; x_wconf 86' lang='lat' dir='ltr'>condet</span> <span class='ocrx_word' id='word_1_187' title='bbox 504 2285 669 2359; x_wconf 83' lang='lat' dir='ltr'>cognominis</span> <span class='ocrx_word' id='word_1_188' title='bbox 678 2283 783 2340; x_wconf 80' lang='lat' dir='ltr'>Albam.</span> <span class='ocrx_word' id='word_1_189' title='bbox 918 2344 921 2359; x_wconf 37' lang='grc'>1</span> 
     </span>
     <span class='ocr_line' id='line_1_30' title="bbox 186 2357 921 2432; baseline 0.004 -18"><span class='ocrx_word' id='word_1_190' title='bbox 186 2358 263 2414; x_wconf 90' lang='lat' dir='ltr'>Haud</span> <span class='ocrx_word' id='word_1_191' title='bbox 275 2360 372 2415; x_wconf 83' lang='lat' dir='ltr'>incerta</span> <span class='ocrx_word' id='word_1_192' title='bbox 381 2377 456 2416; x_wconf 52' lang='lat' dir='ltr'>cauo,</span> <span class='ocrx_word' id='word_1_193' title='bbox 485 2358 563 2415; x_wconf 91' lang='lat' dir='ltr'>Nunc</span> <span class='ocrx_word' id='word_1_194' title='bbox 571 2377 623 2432; x_wconf 85' lang='lat' dir='ltr'>qua</span> <span class='ocrx_word' id='word_1_195' title='bbox 634 2359 741 2422; x_wconf 84' lang='lat' dir='ltr'>ratione,</span> <span class='ocrx_word' id='word_1_196' title='bbox 757 2357 832 2430; x_wconf 91' lang='lat' dir='ltr'>quod</span> <span class='ocrx_word' id='word_1_197' title='bbox 842 2358 921 2417; x_wconf 53' lang='lat' dir='ltr'>inste</span> 
     </span>
    </p>

    <p class='ocr_par' dir='ltr' id='par_1_11' title="bbox 133 2433 768 2508">
     <span class='ocr_line' id='line_1_31' title="bbox 133 2433 768 2508; baseline -0.005 -18"><span class='ocrx_word' id='word_1_198' title='bbox 133 2446 158 2490; x_wconf 76' lang='lat'>50</span> <span class='ocrx_word' id='word_1_199' title='bbox 186 2433 310 2506; x_wconf 83' lang='lat' dir='ltr'>expedias</span> <span class='ocrx_word' id='word_1_200' title='bbox 321 2435 411 2501; x_wconf 81' lang='lat' dir='ltr'>victor,</span> <span class='ocrx_word' id='word_1_201' title='bbox 422 2434 523 2508; x_wconf 86' lang='lat' dir='ltr'>paucis,</span> <span class='ocrx_word' id='word_1_202' title='bbox 535 2433 649 2500; x_wconf 87' lang='lat' dir='ltr'>adverte,</span> <span class='ocrx_word' id='word_1_203' title='bbox 664 2434 768 2489; x_wconf 90' lang='lat' dir='ltr'>docebo.</span> 
     </span>
    </p>

    <p class='ocr_par' dir='ltr' id='par_1_12' title="bbox 179 2507 921 2746">
     <span class='ocr_line' id='line_1_32' title="bbox 187 2507 921 2583; baseline -0.004 -19"><span class='ocrx_word' id='word_1_204' title='bbox 187 2508 300 2564; x_wconf 79' lang='lat' dir='ltr'>Arcades</span> <span class='ocrx_word' id='word_1_205' title='bbox 309 2507 838 2583; x_wconf 80' lang='lat' dir='ltr'>hiscris,geuusaPallauteproleotum,</span> <span class='ocrx_word' id='word_1_206' title='bbox 917 2542 921 2583; x_wconf 85' lang='lat' dir='ltr'>t</span> 
     </span>
     <span class='ocr_line' id='line_1_33' title="bbox 184 2583 878 2662; baseline -0.004 -20"><span class='ocrx_word' id='word_1_207' title='bbox 184 2584 234 2660; x_wconf 85' lang='lat' dir='ltr'>qui</span> <span class='ocrx_word' id='word_1_208' title='bbox 245 2583 499 2662; x_wconf 79' lang='lat' dir='ltr'>regemliueudrum</span> <span class='ocrx_word' id='word_1_209' title='bbox 506 2585 623 2649; x_wconf 84' lang='lat' dir='ltr'>comites,</span> <span class='ocrx_word' id='word_1_210' title='bbox 639 2585 687 2657; x_wconf 92' lang='lat' dir='ltr'>qui</span> <span class='ocrx_word' id='word_1_211' title='bbox 696 2584 773 2658; x_wconf 80' lang='lat' dir='ltr'>signa</span> <span class='ocrx_word' id='word_1_212' title='bbox 783 2584 878 2648; x_wconf 83' lang='lat' dir='ltr'>secuti,</span> 
     </span>
     <span class='ocr_line' id='line_1_34' title="bbox 179 2658 869 2746; baseline -0.017 -22"><span class='ocrx_word' id='word_1_213' title='bbox 179 2658 869 2746; x_wconf 64' lang='lat' dir='ltr'>delegerelocum,etposuereiurcout&#39;uiueurbem,</span> 
     </span>
    </p>
   </div>
   <div class='ocr_carea' id='block_1_3' title="bbox 0 0 932 3052">
    <p class='ocr_par' dir='ltr' id='par_1_13' title="bbox 0 0 932 3052">
     <span class='ocr_line' id='line_1_35' title="bbox 0 0 932 3052; baseline 0 0"><span class='ocrx_word' id='word_1_214' title='bbox 0 0 932 3052; x_wconf 95' lang='lat' dir='ltr'> </span> 
     </span>
    </p>
   </div>
  </div>
 </body>
</html>
