1846 3052
215 164 264 219 lib
379 170 409 216 P.
430 165 599 216 VIRGILII
615 164 792 212 MARours

215 272 296 326 orbus
309 287 389 342 epops
398 275 496 331 maeret
505 266 624 323 volucres
634 271 739 321 evectus
749 265 779 320 in
794 282 834 321 aur

215 349 250 403 At
259 338 436 400 discordantes
445 343 561 399 Cadmeo
569 340 699 414 sanguine
708 338 803 396 iratres

217 423 270 476 iam
281 417 427 474 truculenta
441 417 528 472 lerunt
540 415 688 486 infestaque
699 414 812 470 vulnera
822 433 834 470 c

162 506 201 550 255
215 494 280 550 alter
288 495 316 549 in
326 493 447 548 alterius:
467 493 574 564 iamque
585 497 720 546 aversatus
732 497 834 563 uterqur

217 568 298 640 impia
307 569 427 642 germani
437 574 527 622 manat
536 565 608 639 quod
618 565 751 638 sanguine
759 564 834 621 dextr

217 643 307 698 Eheut
328 642 624 713 mutandumunquam
634 639 715 694 labor.
739 639 834 696 Aufert

217 717 246 772 in
256 717 360 771 diversa
370 718 470 790 magis:
490 716 613 771 distantia
624 715 717 768 limina
726 731 820 771 cerno:

215 790 337 864 Elysiam
346 791 491 846 tranandus
502 808 565 866 agor
574 791 676 845 delatus
686 789 720 844 ad
729 790 833 844 undam

163 875 203 920 26⁰
217 864 302 920 Obvia
311 865 477 937 Persephone
486 867 593 920 comites
602 864 728 919 Heroides
736 873 815 938 urget

219 940 343 995 adversas
351 939 464 1012 perferre
473 939 551 995 laces.
584 939 696 995 Alcestis
706 938 739 992 ab
750 943 825 995 omni

220 1013 346 1070 inviolata
355 1021 429 1070 vacet
437 1031 509 1080 cura,
521 1014 593 1085 quod
603 1030 681 1068 saeva
691 1014 781 1068 mariti

220 1090 280 1160 ipsa
289 1090 346 1144 suis
355 1088 414 1144 latis
423 1089 528 1144 Admeti
537 1088 589 1143 lata
599 1095 698 1143 morata
708 1094 758 1142 est.

217 1163 292 1227 Ecce,
305 1164 384 1222 Ithaci
397 1164 522 1227 coniunx,
536 1180 639 1234 semper
648 1162 737 1221 decus.
750 1163 833 1217 Icario

164 1247 203 1290 2⁶5
218 1237 362 1292 femineum
372 1239 520 1309 incorrupta
531 1237 624 1304 decus3
645 1243 834 1309 manetetprot

218 1312 296 1366 turba
308 1310 381 1367 ferox
391 1313 519 1368 iuvenum
529 1312 588 1366 telis
597 1311 699 1366 confixa
709 1327 834 1381 procorur

224 1385 295 1451 Quin
305 1387 401 1441 misera
408 1386 541 1461 Eurydice
548 1390 619 1440 tanto
628 1401 746 1440 maerore
755 1403 834 1440 rwcss

219 1476 355 1532 poenaque
369 1468 501 1532 respectus
510 1467 535 1515 et
545 1477 616 1515 nunc
627 1468 725 1523 manet,
739 1459 834 1532 Orphe·

218 1534 314 1589 Audax
324 1534 368 1589 ille
377 1535 495 1606 quidem,
507 1535 555 1607 qui
568 1535 659 1589 mitem
669 1534 801 1589 Cerberon
810 1553 834 1590 u

165 1618 204 1662 270
218 1608 336 1672 credidit,
352 1617 397 1662 aut
405 1608 454 1663 ulli
464 1610 530 1664 Ditis
542 1608 670 1680 placabile
679 1626 796 1676 numen;

223 1699 272 1737 neo
280 1683 369 1737 timuit
376 1683 564 1757 Phlegethonta
575 1683 704 1738 furentem
710 1683 834 1738 ardentib‘

221 1773 269 1810 neo
278 1764 376 1811 moesta
385 1757 494 1812 obtentu
502 1758 561 1813 diro
573 1765 598 1812 et
609 1756 743 1830 ferrugine
753 1776 834 1831 regna

220 1829 390 1901 defossasque
398 1831 499 1895 domos,
513 1850 543 1886 ac
552 1834 658 1886 Tartara
668 1840 742 1886 nocte
751 1849 833 1887 cruen

219 1905 314 1969 obsita,
326 1922 374 1959 nec
382 1904 469 1959 faciles
481 1907 548 1960 Ditis
558 1908 615 1961 sine
624 1906 711 1960 iudice
719 1907 806 1971 sedes,

167 1989 206 2034 ata
221 1979 315 2038 iudica.
327 1979 375 2052 qui
386 1980 454 2034 vitae
462 1989 521 2052 post
531 1989 642 2037 mortem
651 1981 770 2035 vindicat
782 1988 834 2035 acta

221 2054 272 2109 Sed
281 2053 385 2109 fortuna
393 2054 483 2109 valens
495 2056 618 2111 audacem
629 2055 723 2110 iecerat
732 2054 834 2127 Orphea

220 2131 277 2183 lam
287 2129 371 2201 rapidi
384 2137 507 2185 steterant
516 2148 617 2196 amnes,
629 2137 653 2185 et
662 2130 740 2184 turba
750 2128 834 2184 leraru

220 2203 317 2258 blanda
327 2222 390 2260 voce
401 2221 501 2276 sequax
511 2205 645 2279 regionem
653 2203 784 2259 insederat
794 2203 834 2276 Or

221 2277 329 2350 iamque
337 2279 418 2334 imam
429 2279 507 2334 viridi
518 2281 630 2334 radicem
640 2286 759 2334 moverat
767 2278 821 2334 alte

167 2361 206 2405 28⁰
221 2369 335 2424 quercus
354 2353 446 2419 humo,
467 2361 642 2428 steterantque
661 2371 763 2418 amnes,
774 2354 834 2411 silva

715 2444 794 2483 norae

224 2507 315 2573 sponte
329 2517 377 2556 sua
386 2509 479 2557 cantus
488 2502 622 2575 rapiebant
631 2503 725 2558 cortice
734 2520 834 2558 amara

223 2576 354 2636 Labentes
362 2575 468 2652 biiuges
476 2579 555 2633 etiam
565 2595 611 2648 per
620 2577 705 2632 sidera
718 2579 795 2633 Luna

223 2656 327 2738 pressit
335 2672 437 2734 equos3
455 2659 523 2711 ettu
529 2658 834 2715 currentesaoensuoae
