1846 3052
298 278 781 338 numururruauours
848 298 851 303 -

170 419 210 490 M
293 416 324 487 Ο
405 416 437 486 R
518 414 549 485 Ε
629 412 663 485 Τ
745 414 782 488 U
856 414 889 486 Μ

164 659 288 724 Iemuex
297 666 422 721 hibernas
432 665 474 721 bia
483 666 604 739 quinque
614 675 753 739 peregerat
762 668 848 731 heras.

164 740 353 813 excubitorqua
361 739 432 795 diem
442 748 520 796 cantu
528 738 695 811 praedixerat
703 738 774 797 alae:
801 780 807 791 .

164 813 285 872 Simulus
293 814 385 888 exigui
397 813 482 869 cultor
489 831 551 870 cum
562 814 678 869 rusticiia
688 816 757 889 agri,

164 890 250 946 tristia
258 896 383 945 venturae
394 896 514 944 metuens
523 888 621 944 ieiunia
630 886 709 954 lucia,

112 976 124 1018 e
165 964 285 1020 membra
296 962 364 1019 levat
372 964 482 1031 sensim,
493 962 541 1019 vili
550 962 665 1018 demissa
674 962 796 1037 grabate

166 1039 330 1111 sollicitaque
339 1054 421 1093 manu
430 1038 550 1094 tenebras
559 1036 678 1108 explorat
688 1038 795 1104 inerim,

165 1114 330 1186 vestigatque
339 1112 441 1168 focum:
462 1112 551 1168 laesus
559 1128 640 1184 quem
648 1110 864 1184 deniqueaeneit.

203 1186 334 1243 Paruulus
344 1194 439 1242 exusto
448 1187 599 1242 remanebat
607 1184 807 1257 stipitefumua‚

165 1261 266 1317 etcinis
275 1260 402 1317 obductae
412 1260 512 1317 celabat
520 1260 622 1317 lumina
630 1277 742 1333 prunae.

112 1346 138 1389 lu
165 1336 296 1392 Admovet
304 1335 346 1390 his
356 1353 476 1407 pronam,
487 1335 621 1391 submissa
630 1334 724 1400 fronte,
736 1333 877 1400 lucernam,

165 1418 191 1465 et
203 1409 323 1481 producit
331 1427 380 1466 acu
392 1418 484 1482 stupas
495 1409 608 1465 humore
616 1417 743 1476 carentes,

166 1485 261 1540 excitat
269 1492 294 1539 et
303 1484 403 1539 crebris
416 1483 584 1558 languentem
593 1483 700 1539 flatibus
710 1485 812 1557 iguem.

166 1558 283 1613 Tandem
294 1567 418 1630 concepto
423 1558 545 1615 tenebrae
553 1557 655 1632 fulgore
666 1558 806 1626 recedunt3

166 1633 337 1705 oppositaque
347 1650 429 1688 mauu
439 1633 530 1688 lumen
539 1632 654 1688 defendit
663 1634 698 1688 ab
707 1650 781 1696 aura,

112 1716 138 1759 15
165 1714 191 1762 et
200 1714 297 1760 reserat
305 1705 393 1772 cellae,
403 1724 472 1779 quae
480 1707 609 1778 providet,
621 1707 687 1762 ostia
696 1706 775 1762 clavi.

202 1781 291 1836 Fusus
299 1788 353 1835 erat
361 1787 430 1835 terra
440 1780 565 1836 frumeuti
573 1798 675 1854 pauper
683 1797 808 1835 acervus:

166 1855 230 1910 hinc
242 1855 293 1909 sibi
303 1855 441 1927 depremit,
454 1863 586 1927 quantum
598 1872 724 1911 mensura
734 1857 839 1927 patebat

166 1947 235 2000 quae
243 1929 285 1984 bis
295 1929 323 1984 in
334 1936 440 1985 octenas
449 1931 565 1985 excurrit
576 1929 691 2001 pondere
703 1929 797 1985 libras.

203 2002 267 2058 Inde
275 2004 339 2069 abit,
349 2004 504 2075 adsistitque
514 2004 610 2072 mclae;
632 2005 829 2076 parvaquetan

112 2087 137 2130 20
165 2093 248 2149 quam
258 2078 339 2134 lixam
349 2079 434 2150 paries
444 2078 503 2134 illos
513 2080 635 2135 servabat
646 2079 674 2133 in
684 2096 762 2145 usus,

166 2151 268 2206 lumina
279 2152 331 2207 fida
342 2152 421 2222 locat;
441 2153 563 2226 geminos
575 2162 637 2208 tunc
646 2160 718 2208 veste
729 2152 814 2208 laeert

166 2224 268 2290 liberat,
280 2232 314 2291 et,
325 2227 427 2282 cinctus
437 2227 545 2283 villosae
554 2236 655 2302 tergore
663 2245 766 2299 caprae,

166 2300 310 2371 praeverrit
319 2301 402 2356 cauda
412 2302 498 2358 silices
507 2304 695 2376 gremiumque
705 2302 798 2356 moleri

167 2373 282 2429 Advocat
292 2375 353 2429 inde
364 2394 459 2431 manus
468 2378 549 2448 operi,
563 2378 675 2448 partitus
689 2378 790 2449 utrinqu

106 2462 133 2510 25
164 2449 240 2510 laeva
250 2449 407 2517 ministeria,
416 2451 554 2506 dextraest
561 2452 657 2505 intenta
670 2449 768 2518 labori;

161 2533 230 2593 haec
242 2538 314 2591 rotat
324 2527 446 2589 assiduis
453 2525 530 2603 garis
540 2525 777 2579 etenneuatmnem
