<?xml version="1.0" encoding="UTF-8"?>
<!DOCTYPE html PUBLIC "-//W3C//DTD XHTML 1.0 Transitional//EN"
    "http://www.w3.org/TR/xhtml1/DTD/xhtml1-transitional.dtd">
<html xmlns="http://www.w3.org/1999/xhtml" xml:lang="en" lang="en">
 <head>
  <title>
</title>
<meta http-equiv="Content-Type" content="text/html;charset=utf-8" />
  <meta name='ocr-system' content='tesseract 3.04.00' />
  <meta name='ocr-capabilities' content='ocr_page ocr_carea ocr_par ocr_line ocrx_word'/>
</head>
<body>
  <div class='ocr_page' id='page_1' title='image "./publivergilimar00virggoog/publivergilimar00virggoog_0381.png"; bbox 0 0 1846 3052; ppageno 0'>
   <div class='ocr_carea' id='block_1_1' title="bbox 161 148 734 200">
    <p class='ocr_par' dir='ltr' id='par_1_1' title="bbox 161 148 734 200">
     <span class='ocr_line' id='line_1_1' title="bbox 161 148 734 200; baseline -0.009 0"><span class='ocrx_word' id='word_1_1' title='bbox 161 148 210 200; x_wconf 78' lang='lat'><strong>366</strong></span> <span class='ocrx_word' id='word_1_2' title='bbox 326 153 357 198; x_wconf 90' lang='lat' dir='ltr'><strong>P.</strong></span> <span class='ocrx_word' id='word_1_3' title='bbox 376 151 544 199; x_wconf 84' lang='lat' dir='ltr'>VIRGILII</span> <span class='ocrx_word' id='word_1_4' title='bbox 559 151 734 199; x_wconf 71' lang='lat' dir='ltr'><strong>maxuma</strong></span> 
     </span>
    </p>
   </div>
   <div class='ocr_carea' id='block_1_2' title="bbox 107 249 904 2705">
    <p class='ocr_par' dir='ltr' id='par_1_2' title="bbox 161 249 865 398">
     <span class='ocr_line' id='line_1_2' title="bbox 161 249 865 323; baseline -0.003 -15"><span class='ocrx_word' id='word_1_5' title='bbox 161 253 234 308; x_wconf 89' lang='lat' dir='ltr'><strong>venit</strong></span> <span class='ocrx_word' id='word_1_6' title='bbox 243 269 326 317; x_wconf 90' lang='lat' dir='ltr'><strong>amor,</strong></span> <span class='ocrx_word' id='word_1_7' title='bbox 340 251 480 323; x_wconf 90' lang='lat' dir='ltr'><strong>subitaque</strong></span> <span class='ocrx_word' id='word_1_8' title='bbox 491 252 612 306; x_wconf 89' lang='lat' dir='ltr'><strong>animum</strong></span> <span class='ocrx_word' id='word_1_9' title='bbox 621 249 762 306; x_wconf 80' lang='lat' dir='ltr'><strong>duloedine</strong></span> <span class='ocrx_word' id='word_1_10' title='bbox 770 251 865 306; x_wconf 83' lang='lat' dir='ltr'><strong>movit.</strong></span> 
     </span>
     <span class='ocr_line' id='line_1_3' title="bbox 161 324 804 398; baseline -0.003 -16"><span class='ocrx_word' id='word_1_11' title='bbox 161 326 259 383; x_wconf 91' lang='lat' dir='ltr'><strong>Pulsus</strong></span> <span class='ocrx_word' id='word_1_12' title='bbox 267 327 301 382; x_wconf 91' lang='lat' dir='ltr'><strong>cb</strong></span> <span class='ocrx_word' id='word_1_13' title='bbox 311 324 439 381; x_wconf 88' lang='lat' dir='ltr'><strong>invidiam</strong></span> <span class='ocrx_word' id='word_1_14' title='bbox 449 343 532 398; x_wconf 82' lang='lat' dir='ltr'><strong>regno</strong></span> <span class='ocrx_word' id='word_1_15' title='bbox 540 326 663 397; x_wconf 83' lang='lat' dir='ltr'><strong>viresque</strong></span> <span class='ocrx_word' id='word_1_16' title='bbox 672 324 804 396; x_wconf 87' lang='lat' dir='ltr'><strong>superbas</strong></span> 
     </span>
    </p>

    <p class='ocr_par' dir='ltr' id='par_1_3' title="bbox 108 399 863 770">
     <span class='ocr_line' id='line_1_4' title="bbox 108 399 863 472; baseline 0.003 -18"><span class='ocrx_word' id='word_1_17' title='bbox 108 409 147 455; x_wconf 88' lang='grc'><strong>510</strong></span> <span class='ocrx_word' id='word_1_18' title='bbox 161 402 286 456; x_wconf 87' lang='lat' dir='ltr'><strong>Priverno</strong></span> <span class='ocrx_word' id='word_1_19' title='bbox 295 400 403 471; x_wconf 86' lang='lat' dir='ltr'><strong>antiqua</strong></span> <span class='ocrx_word' id='word_1_20' title='bbox 413 401 532 456; x_wconf 81' lang='lat' dir='ltr'><strong>Metabus</strong></span> <span class='ocrx_word' id='word_1_21' title='bbox 544 417 630 472; x_wconf 76' lang='lat' dir='ltr'><strong>qurum</strong></span> <span class='ocrx_word' id='word_1_22' title='bbox 640 399 777 454; x_wconf 73' lang='lat' dir='ltr'>excederet</span> <span class='ocrx_word' id='word_1_23' title='bbox 786 399 863 466; x_wconf 85' lang='lat' dir='ltr'><strong>urbe,</strong></span> 
     </span>
     <span class='ocr_line' id='line_1_5' title="bbox 162 472 765 546; baseline -0.002 -18"><span class='ocrx_word' id='word_1_24' title='bbox 162 475 288 530; x_wconf 81' lang='lat' dir='ltr'><strong>infantem</strong></span> <span class='ocrx_word' id='word_1_25' title='bbox 300 473 405 546; x_wconf 82' lang='lat' dir='ltr'>fugiens</span> <span class='ocrx_word' id='word_1_26' title='bbox 415 474 500 529; x_wconf 89' lang='lat' dir='ltr'><strong>media</strong></span> <span class='ocrx_word' id='word_1_27' title='bbox 510 474 578 529; x_wconf 87' lang='lat' dir='ltr'><strong>inter</strong></span> <span class='ocrx_word' id='word_1_28' title='bbox 585 473 685 546; x_wconf 85' lang='lat' dir='ltr'><strong>proelia</strong></span> <span class='ocrx_word' id='word_1_29' title='bbox 697 472 765 529; x_wconf 85' lang='lat' dir='ltr'><strong>belli</strong></span> 
     </span>
     <span class='ocr_line' id='line_1_6' title="bbox 161 548 788 620; baseline -0.002 -16"><span class='ocrx_word' id='word_1_30' title='bbox 161 549 270 604; x_wconf 79' lang='lat' dir='ltr'><strong>sustulit</strong></span> <span class='ocrx_word' id='word_1_31' title='bbox 279 549 372 603; x_wconf 90' lang='lat' dir='ltr'><strong>exsilic</strong></span> <span class='ocrx_word' id='word_1_32' title='bbox 381 548 512 614; x_wconf 88' lang='lat' dir='ltr'><strong>comitem,</strong></span> <span class='ocrx_word' id='word_1_33' title='bbox 527 549 673 620; x_wconf 89' lang='lat' dir='ltr'><strong>matrisque</strong></span> <span class='ocrx_word' id='word_1_34' title='bbox 681 549 788 603; x_wconf 84' lang='lat' dir='ltr'><strong>vocavit</strong></span> 
     </span>
     <span class='ocr_line' id='line_1_7' title="bbox 162 621 799 695; baseline -0.002 -17"><span class='ocrx_word' id='word_1_35' title='bbox 162 623 269 678; x_wconf 90' lang='lat' dir='ltr'><strong>nomine</strong></span> <span class='ocrx_word' id='word_1_36' title='bbox 279 623 427 689; x_wconf 80' lang='lat' dir='ltr'>Casmillae,</span> <span class='ocrx_word' id='word_1_37' title='bbox 439 630 538 678; x_wconf 89' lang='lat' dir='ltr'><strong>mutata</strong></span> <span class='ocrx_word' id='word_1_38' title='bbox 547 630 629 695; x_wconf 81' lang='lat' dir='ltr'><strong>parte.</strong></span> <span class='ocrx_word' id='word_1_39' title='bbox 644 621 799 679; x_wconf 79' lang='lat' dir='ltr'><strong>Camillam.</strong></span> 
     </span>
     <span class='ocr_line' id='line_1_8' title="bbox 162 696 806 770; baseline 0 -18"><span class='ocrx_word' id='word_1_40' title='bbox 162 699 220 768; x_wconf 91' lang='lat' dir='ltr'><strong>lpse</strong></span> <span class='ocrx_word' id='word_1_41' title='bbox 230 697 292 752; x_wconf 90' lang='lat' dir='ltr'><strong>sinu</strong></span> <span class='ocrx_word' id='word_1_42' title='bbox 301 714 364 768; x_wconf 86' lang='lat' dir='ltr'><strong>prae</strong></span> <span class='ocrx_word' id='word_1_43' title='bbox 372 715 401 752; x_wconf 92' lang='lat' dir='ltr'><strong>se</strong></span> <span class='ocrx_word' id='word_1_44' title='bbox 409 705 526 769; x_wconf 85' lang='lat' dir='ltr'><strong>portans,</strong></span> <span class='ocrx_word' id='word_1_45' title='bbox 538 698 600 770; x_wconf 81' lang='lat' dir='ltr'><strong>iuga</strong></span> <span class='ocrx_word' id='word_1_46' title='bbox 611 696 688 770; x_wconf 83' lang='lat' dir='ltr'><strong>longa</strong></span> <span class='ocrx_word' id='word_1_47' title='bbox 699 697 806 768; x_wconf 89' lang='lat' dir='ltr'><strong>petebat</strong></span> 
     </span>
    </p>

    <p class='ocr_par' dir='ltr' id='par_1_4' title="bbox 109 771 904 902">
     <span class='ocr_line' id='line_1_9' title="bbox 109 771 904 844; baseline 0.004 -19"><span class='ocrx_word' id='word_1_48' title='bbox 109 778 148 826; x_wconf 80' lang='grc'><strong>510</strong></span> <span class='ocrx_word' id='word_1_49' title='bbox 162 771 279 826; x_wconf 88' lang='lat' dir='ltr'><strong>solorum</strong></span> <span class='ocrx_word' id='word_1_50' title='bbox 289 789 441 835; x_wconf 86' lang='lat' dir='ltr'><strong>nemorum;</strong></span> <span class='ocrx_word' id='word_1_51' title='bbox 463 771 513 826; x_wconf 89' lang='lat' dir='ltr'><strong>tela</strong></span> <span class='ocrx_word' id='word_1_52' title='bbox 526 772 645 843; x_wconf 87' lang='lat' dir='ltr'><strong>undique</strong></span> <span class='ocrx_word' id='word_1_53' title='bbox 654 789 731 826; x_wconf 88' lang='lat' dir='ltr'><strong>saeva</strong></span> <span class='ocrx_word' id='word_1_54' title='bbox 741 772 904 844; x_wconf 82' lang='lat' dir='ltr'><strong>premebant.</strong></span> 
     </span>
     <span class='ocr_line' id='line_1_10' title="bbox 163 845 710 902; baseline 0.002 -1"><span class='ocrx_word' id='word_1_55' title='bbox 163 853 188 901; x_wconf 93' lang='lat' dir='ltr'><strong>et</strong></span> <span class='ocrx_word' id='word_1_56' title='bbox 197 845 356 901; x_wconf 80' lang='lat' dir='ltr'><strong>circumfusa</strong></span> <span class='ocrx_word' id='word_1_57' title='bbox 367 846 510 901; x_wconf 82' lang='lat' dir='ltr'><strong>volitabant</strong></span> <span class='ocrx_word' id='word_1_58' title='bbox 520 846 603 901; x_wconf 89' lang='lat' dir='ltr'><strong>milite</strong></span> <span class='ocrx_word' id='word_1_59' title='bbox 612 845 710 902; x_wconf 86' lang='lat' dir='ltr'><strong>Volsci.</strong></span> 
     </span>
    </p>

    <p class='ocr_par' dir='ltr' id='par_1_5' title="bbox 162 918 874 1140">
     <span class='ocr_line' id='line_1_11' title="bbox 162 918 874 993; baseline 0.003 -19"><span class='ocrx_word' id='word_1_60' title='bbox 162 922 237 983; x_wconf 85' lang='lat' dir='ltr'><strong>Ecce,</strong></span> <span class='ocrx_word' id='word_1_61' title='bbox 249 918 328 993; x_wconf 78' lang='lat' dir='ltr'><strong>fugae</strong></span> <span class='ocrx_word' id='word_1_62' title='bbox 336 920 432 984; x_wconf 87' lang='lat' dir='ltr'><strong>medio,</strong></span> <span class='ocrx_word' id='word_1_63' title='bbox 445 921 559 975; x_wconf 90' lang='lat' dir='ltr'><strong>summis</strong></span> <span class='ocrx_word' id='word_1_64' title='bbox 569 920 718 975; x_wconf 80' lang='lat' dir='ltr'><strong>Amasenus</strong></span> <span class='ocrx_word' id='word_1_65' title='bbox 730 920 874 976; x_wconf 86' lang='lat' dir='ltr'><strong>abundans</strong></span> 
     </span>
     <span class='ocr_line' id='line_1_12' title="bbox 163 994 765 1066; baseline 0 -17"><span class='ocrx_word' id='word_1_66' title='bbox 163 995 303 1066; x_wconf 81' lang='lat' dir='ltr'><strong>spumabat</strong></span> <span class='ocrx_word' id='word_1_67' title='bbox 314 994 392 1065; x_wconf 83' lang='lat' dir='ltr'><strong>ripis3</strong></span> <span class='ocrx_word' id='word_1_68' title='bbox 413 1001 502 1049; x_wconf 84' lang='lat' dir='ltr'><strong>tantus</strong></span> <span class='ocrx_word' id='word_1_69' title='bbox 512 994 668 1050; x_wconf 90' lang='lat' dir='ltr'><strong>senubibus</strong></span> <span class='ocrx_word' id='word_1_70' title='bbox 676 994 765 1049; x_wconf 89' lang='lat' dir='ltr'><strong>imber</strong></span> 
     </span>
     <span class='ocr_line' id='line_1_13' title="bbox 164 1067 805 1140; baseline 0.002 -17"><span class='ocrx_word' id='word_1_71' title='bbox 164 1078 278 1140; x_wconf 81' lang='lat' dir='ltr'><strong>ruperat.</strong></span> <span class='ocrx_word' id='word_1_72' title='bbox 308 1069 363 1134; x_wconf 83' lang='grc'>1110,</span> <span class='ocrx_word' id='word_1_73' title='bbox 375 1069 466 1124; x_wconf 90' lang='lat' dir='ltr'><strong>innare</strong></span> <span class='ocrx_word' id='word_1_74' title='bbox 475 1086 580 1140; x_wconf 86' lang='lat' dir='ltr'><strong>paraus,</strong></span> <span class='ocrx_word' id='word_1_75' title='bbox 592 1067 701 1124; x_wconf 77' lang='lat' dir='ltr'><strong>infantis</strong></span> <span class='ocrx_word' id='word_1_76' title='bbox 712 1086 805 1124; x_wconf 84' lang='lat' dir='ltr'><strong>amore</strong></span> 
     </span>
    </p>

    <p class='ocr_par' dir='ltr' id='par_1_6' title="bbox 111 1144 835 1507">
     <span class='ocr_line' id='line_1_14' title="bbox 111 1144 813 1215; baseline 0.007 -20"><span class='ocrx_word' id='word_1_77' title='bbox 111 1153 149 1196; x_wconf 83' lang='lat'><strong>550</strong></span> <span class='ocrx_word' id='word_1_78' title='bbox 164 1144 288 1207; x_wconf 85' lang='lat' dir='ltr'><strong>tardatur,</strong></span> <span class='ocrx_word' id='word_1_79' title='bbox 299 1156 410 1215; x_wconf 84' lang='lat' dir='ltr'><strong>caroque</strong></span> <span class='ocrx_word' id='word_1_80' title='bbox 419 1145 491 1198; x_wconf 88' lang='lat' dir='ltr'><strong>oneri</strong></span> <span class='ocrx_word' id='word_1_81' title='bbox 501 1144 582 1199; x_wconf 86' lang='lat' dir='ltr'><strong>timet.</strong></span> <span class='ocrx_word' id='word_1_82' title='bbox 611 1144 708 1198; x_wconf 88' lang='lat' dir='ltr'><strong>Omnia</strong></span> <span class='ocrx_word' id='word_1_83' title='bbox 717 1160 813 1200; x_wconf 74' lang='grc'>000000</span> 
     </span>
     <span class='ocr_line' id='line_1_15' title="bbox 164 1216 736 1273; baseline 0 -1"><span class='ocrx_word' id='word_1_84' title='bbox 164 1219 280 1272; x_wconf 85' lang='lat' dir='ltr'><strong>versanti</strong></span> <span class='ocrx_word' id='word_1_85' title='bbox 289 1219 378 1273; x_wconf 89' lang='lat' dir='ltr'><strong>subito</strong></span> <span class='ocrx_word' id='word_1_86' title='bbox 388 1219 435 1273; x_wconf 91' lang='lat' dir='ltr'><strong>vix</strong></span> <span class='ocrx_word' id='word_1_87' title='bbox 444 1219 507 1273; x_wconf 85' lang='lat' dir='ltr'><strong>haec</strong></span> <span class='ocrx_word' id='word_1_88' title='bbox 515 1217 644 1272; x_wconf 89' lang='lat' dir='ltr'><strong>sententia</strong></span> <span class='ocrx_word' id='word_1_89' title='bbox 654 1216 736 1273; x_wconf 88' lang='lat' dir='ltr'><strong>sedit:</strong></span> 
     </span>
     <span class='ocr_line' id='line_1_16' title="bbox 164 1291 835 1366; baseline 0.003 -20"><span class='ocrx_word' id='word_1_90' title='bbox 164 1292 247 1346; x_wconf 87' lang='lat' dir='ltr'><strong>telum</strong></span> <span class='ocrx_word' id='word_1_91' title='bbox 257 1292 373 1347; x_wconf 90' lang='lat' dir='ltr'><strong>immane</strong></span> <span class='ocrx_word' id='word_1_92' title='bbox 382 1309 464 1348; x_wconf 89' lang='lat' dir='ltr'><strong>manu</strong></span> <span class='ocrx_word' id='word_1_93' title='bbox 473 1291 560 1347; x_wconf 86' lang='lat' dir='ltr'><strong>valida</strong></span> <span class='ocrx_word' id='word_1_94' title='bbox 569 1291 641 1364; x_wconf 89' lang='lat' dir='ltr'><strong>quod</strong></span> <span class='ocrx_word' id='word_1_95' title='bbox 651 1292 717 1347; x_wconf 87' lang='lat' dir='ltr'><strong>lcrte</strong></span> <span class='ocrx_word' id='word_1_96' title='bbox 724 1292 835 1366; x_wconf 80' lang='lat' dir='ltr'><strong>gerebat</strong></span> 
     </span>
     <span class='ocr_line' id='line_1_17' title="bbox 164 1366 723 1431; baseline 0.004 -11"><span class='ocrx_word' id='word_1_97' title='bbox 164 1366 284 1431; x_wconf 80' lang='lat' dir='ltr'><strong>bellatur,</strong></span> <span class='ocrx_word' id='word_1_98' title='bbox 295 1366 410 1421; x_wconf 88' lang='lat' dir='ltr'><strong>solidum</strong></span> <span class='ocrx_word' id='word_1_99' title='bbox 422 1366 723 1430; x_wconf 75' lang='grc'>00010000000000010,</span> 
     </span>
     <span class='ocr_line' id='line_1_18' title="bbox 165 1440 818 1507; baseline 0.006 -14"><span class='ocrx_word' id='word_1_100' title='bbox 165 1440 229 1494; x_wconf 90' lang='lat' dir='ltr'><strong>huic</strong></span> <span class='ocrx_word' id='word_1_101' title='bbox 238 1447 336 1503; x_wconf 81' lang='lat' dir='ltr'><strong>natam,</strong></span> <span class='ocrx_word' id='word_1_102' title='bbox 349 1440 416 1495; x_wconf 84' lang='lat' dir='ltr'><strong>libro</strong></span> <span class='ocrx_word' id='word_1_103' title='bbox 425 1448 450 1495; x_wconf 93' lang='lat' dir='ltr'><strong>et</strong></span> <span class='ocrx_word' id='word_1_104' title='bbox 459 1441 573 1496; x_wconf 88' lang='lat' dir='ltr'><strong>silvestri</strong></span> <span class='ocrx_word' id='word_1_105' title='bbox 582 1441 677 1496; x_wconf 86' lang='lat' dir='ltr'><strong>subere</strong></span> <span class='ocrx_word' id='word_1_106' title='bbox 685 1440 818 1507; x_wconf 85' lang='lat' dir='ltr'><strong>clausam,</strong></span> 
     </span>
    </p>

    <p class='ocr_par' dir='ltr' id='par_1_7' title="bbox 112 1514 902 1888">
     <span class='ocr_line' id='line_1_19' title="bbox 112 1514 902 1590; baseline 0.011 -24"><span class='ocrx_word' id='word_1_107' title='bbox 112 1524 150 1567; x_wconf 90' lang='lat'><strong>555</strong></span> <span class='ocrx_word' id='word_1_108' title='bbox 165 1514 291 1585; x_wconf 89' lang='lat' dir='ltr'><strong>implicat,</strong></span> <span class='ocrx_word' id='word_1_109' title='bbox 304 1522 383 1586; x_wconf 87' lang='lat' dir='ltr'><strong>atque</strong></span> <span class='ocrx_word' id='word_1_110' title='bbox 392 1514 508 1570; x_wconf 89' lang='lat' dir='ltr'><strong>habilem</strong></span> <span class='ocrx_word' id='word_1_111' title='bbox 518 1516 619 1570; x_wconf 90' lang='lat' dir='ltr'><strong>mediae</strong></span> <span class='ocrx_word' id='word_1_112' title='bbox 631 1515 801 1590; x_wconf 81' lang='lat' dir='ltr'><strong>circumligat</strong></span> <span class='ocrx_word' id='word_1_113' title='bbox 809 1517 902 1575; x_wconf 63' lang='lat' dir='ltr'><strong>bastae}</strong></span> 
     </span>
     <span class='ocr_line' id='line_1_20' title="bbox 166 1589 869 1663; baseline 0.003 -20"><span class='ocrx_word' id='word_1_114' title='bbox 166 1606 248 1660; x_wconf 89' lang='lat' dir='ltr'><strong>quam</strong></span> <span class='ocrx_word' id='word_1_115' title='bbox 258 1589 350 1643; x_wconf 90' lang='lat' dir='ltr'><strong>dextra</strong></span> <span class='ocrx_word' id='word_1_116' title='bbox 360 1591 461 1663; x_wconf 83' lang='lat' dir='ltr'><strong>ingenti</strong></span> <span class='ocrx_word' id='word_1_117' title='bbox 471 1590 571 1645; x_wconf 86' lang='lat' dir='ltr'><strong>librans</strong></span> <span class='ocrx_word' id='word_1_118' title='bbox 583 1591 618 1645; x_wconf 90' lang='lat' dir='ltr'><strong>ita</strong></span> <span class='ocrx_word' id='word_1_119' title='bbox 628 1591 662 1645; x_wconf 93' lang='lat' dir='ltr'><strong>ad</strong></span> <span class='ocrx_word' id='word_1_120' title='bbox 671 1591 778 1647; x_wconf 86' lang='lat' dir='ltr'><strong>aethera</strong></span> <span class='ocrx_word' id='word_1_121' title='bbox 789 1590 869 1647; x_wconf 83' lang='lat' dir='ltr'><strong>fatur:</strong></span> 
     </span>
     <span class='ocr_line' id='line_1_21' title="bbox 166 1662 882 1740; baseline 0.006 -23"><span class='ocrx_word' id='word_1_122' title='bbox 166 1662 253 1728; x_wconf 81' lang='lat' dir='ltr'><strong>Alma,</strong></span> <span class='ocrx_word' id='word_1_123' title='bbox 264 1663 313 1717; x_wconf 90' lang='lat' dir='ltr'><strong>tibi</strong></span> <span class='ocrx_word' id='word_1_124' title='bbox 324 1664 401 1728; x_wconf 85' lang='lat' dir='ltr'><strong>hanc,</strong></span> <span class='ocrx_word' id='word_1_125' title='bbox 413 1682 551 1720; x_wconf 88' lang='lat' dir='ltr'><strong>nemorum</strong></span> <span class='ocrx_word' id='word_1_126' title='bbox 561 1665 667 1730; x_wconf 82' lang='lat' dir='ltr'><strong>cultrix,</strong></span> <span class='ocrx_word' id='word_1_127' title='bbox 680 1666 794 1721; x_wconf 87' lang='lat' dir='ltr'><strong>Latonia</strong></span> <span class='ocrx_word' id='word_1_128' title='bbox 802 1667 882 1740; x_wconf 79' lang='lat' dir='ltr'><strong>virge.</strong></span> 
     </span>
     <span class='ocr_line' id='line_1_22' title="bbox 167 1735 853 1811; baseline 0.009 -21"><span class='ocrx_word' id='word_1_129' title='bbox 167 1738 224 1808; x_wconf 90' lang='lat' dir='ltr'><strong>ipse</strong></span> <span class='ocrx_word' id='word_1_130' title='bbox 232 1745 304 1806; x_wconf 87' lang='lat' dir='ltr'><strong>pater</strong></span> <span class='ocrx_word' id='word_1_131' title='bbox 315 1735 442 1793; x_wconf 82' lang='lat' dir='ltr'><strong>famulam</strong></span> <span class='ocrx_word' id='word_1_132' title='bbox 452 1757 546 1807; x_wconf 84' lang='lat' dir='ltr'><strong>rove03</strong></span> <span class='ocrx_word' id='word_1_133' title='bbox 567 1747 612 1794; x_wconf 86' lang='lat' dir='ltr'><strong>tua</strong></span> <span class='ocrx_word' id='word_1_134' title='bbox 622 1740 708 1811; x_wconf 89' lang='lat' dir='ltr'><strong>prima</strong></span> <span class='ocrx_word' id='word_1_135' title='bbox 718 1757 767 1811; x_wconf 87' lang='lat' dir='ltr'><strong>per</strong></span> <span class='ocrx_word' id='word_1_136' title='bbox 776 1758 853 1796; x_wconf 85' lang='lat' dir='ltr'><strong>auras</strong></span> 
     </span>
     <span class='ocr_line' id='line_1_23' title="bbox 166 1810 875 1888; baseline 0.007 -24"><span class='ocrx_word' id='word_1_137' title='bbox 166 1810 217 1865; x_wconf 90' lang='lat' dir='ltr'><strong>tela</strong></span> <span class='ocrx_word' id='word_1_138' title='bbox 225 1818 317 1865; x_wconf 81' lang='grc'>000000</span> <span class='ocrx_word' id='word_1_139' title='bbox 326 1811 439 1882; x_wconf 88' lang='lat' dir='ltr'><strong>supplex</strong></span> <span class='ocrx_word' id='word_1_140' title='bbox 449 1814 551 1869; x_wconf 89' lang='lat' dir='ltr'><strong>hostem</strong></span> <span class='ocrx_word' id='word_1_141' title='bbox 562 1813 640 1888; x_wconf 81' lang='lat' dir='ltr'><strong>fugit.</strong></span> <span class='ocrx_word' id='word_1_142' title='bbox 669 1814 778 1885; x_wconf 79' lang='lat' dir='ltr'><strong>Accipe,</strong></span> <span class='ocrx_word' id='word_1_143' title='bbox 790 1823 875 1878; x_wconf 84' lang='lat' dir='ltr'><strong>testor,</strong></span> 
     </span>
    </p>

    <p class='ocr_par' dir='ltr' id='par_1_8' title="bbox 114 1885 884 2183">
     <span class='ocr_line' id='line_1_24' title="bbox 114 1885 879 1956; baseline 0.008 -20"><span class='ocrx_word' id='word_1_144' title='bbox 114 1894 153 1937; x_wconf 84' lang='lat'><strong>550</strong></span> <span class='ocrx_word' id='word_1_145' title='bbox 167 1885 238 1950; x_wconf 82' lang='lat' dir='ltr'><strong>diva,</strong></span> <span class='ocrx_word' id='word_1_146' title='bbox 249 1893 337 1949; x_wconf 85' lang='lat' dir='ltr'><strong>tuam,</strong></span> <span class='ocrx_word' id='word_1_147' title='bbox 357 1903 426 1956; x_wconf 85' lang='lat' dir='ltr'><strong>quae</strong></span> <span class='ocrx_word' id='word_1_148' title='bbox 436 1906 507 1943; x_wconf 90' lang='lat' dir='ltr'><strong>nunc</strong></span> <span class='ocrx_word' id='word_1_149' title='bbox 516 1889 606 1943; x_wconf 91' lang='lat' dir='ltr'><strong>dubiis</strong></span> <span class='ocrx_word' id='word_1_150' title='bbox 615 1889 792 1944; x_wconf 85' lang='lat' dir='ltr'><strong>committitur</strong></span> <span class='ocrx_word' id='word_1_151' title='bbox 800 1890 879 1945; x_wconf 86' lang='lat' dir='ltr'><strong>auris.</strong></span> 
     </span>
     <span class='ocr_line' id='line_1_25' title="bbox 168 1959 777 2024; baseline 0.005 -9"><span class='ocrx_word' id='word_1_152' title='bbox 168 1961 247 2024; x_wconf 78' lang='lat' dir='ltr'><strong>uixit,</strong></span> <span class='ocrx_word' id='word_1_153' title='bbox 261 1967 286 2014; x_wconf 90' lang='lat' dir='ltr'><strong>et</strong></span> <span class='ocrx_word' id='word_1_154' title='bbox 298 1959 409 2015; x_wconf 86' lang='lat' dir='ltr'><strong>adducto</strong></span> <span class='ocrx_word' id='word_1_155' title='bbox 417 1970 565 2018; x_wconf 85' lang='lat' dir='ltr'><strong>contortum</strong></span> <span class='ocrx_word' id='word_1_156' title='bbox 574 1962 668 2017; x_wconf 87' lang='lat' dir='ltr'><strong>hastile</strong></span> <span class='ocrx_word' id='word_1_157' title='bbox 678 1963 777 2018; x_wconf 77' lang='lat' dir='ltr'><strong>lacerta</strong></span> 
     </span>
     <span class='ocr_line' id='line_1_26' title="bbox 168 2035 884 2108; baseline 0.006 -19"><span class='ocrx_word' id='word_1_158' title='bbox 168 2035 298 2090; x_wconf 90' lang='lat' dir='ltr'><strong>immittit:</strong></span> <span class='ocrx_word' id='word_1_159' title='bbox 320 2052 431 2090; x_wconf 85' lang='lat' dir='ltr'><strong>sonuere</strong></span> <span class='ocrx_word' id='word_1_160' title='bbox 440 2054 533 2093; x_wconf 85' lang='lat' dir='ltr'><strong>aurae:</strong></span> <span class='ocrx_word' id='word_1_161' title='bbox 554 2038 677 2108; x_wconf 90' lang='lat' dir='ltr'><strong>rapidum</strong></span> <span class='ocrx_word' id='word_1_162' title='bbox 687 2054 771 2108; x_wconf 88' lang='lat' dir='ltr'><strong>super</strong></span> <span class='ocrx_word' id='word_1_163' title='bbox 783 2053 884 2093; x_wconf 86' lang='lat' dir='ltr'><strong>amnem</strong></span> 
     </span>
     <span class='ocr_line' id='line_1_27' title="bbox 168 2109 738 2183; baseline 0.007 -20"><span class='ocrx_word' id='word_1_164' title='bbox 168 2109 261 2165; x_wconf 81' lang='lat' dir='ltr'><strong>infelix</strong></span> <span class='ocrx_word' id='word_1_165' title='bbox 270 2109 337 2183; x_wconf 83' lang='lat' dir='ltr'><strong>fugit</strong></span> <span class='ocrx_word' id='word_1_166' title='bbox 348 2111 375 2165; x_wconf 92' lang='lat' dir='ltr'><strong>in</strong></span> <span class='ocrx_word' id='word_1_167' title='bbox 387 2111 473 2166; x_wconf 88' lang='lat' dir='ltr'><strong>iaculo</strong></span> <span class='ocrx_word' id='word_1_168' title='bbox 482 2112 607 2167; x_wconf 88' lang='lat' dir='ltr'><strong>stridente</strong></span> <span class='ocrx_word' id='word_1_169' title='bbox 618 2111 738 2167; x_wconf 85' lang='lat' dir='ltr'><strong>Camilla.</strong></span> 
     </span>
    </p>

    <p class='ocr_par' dir='ltr' id='par_1_9' title="bbox 168 2183 868 2259">
     <span class='ocr_line' id='line_1_28' title="bbox 168 2183 868 2259; baseline 0.003 -21"><span class='ocrx_word' id='word_1_170' title='bbox 168 2183 202 2238; x_wconf 79' lang='lat' dir='ltr'><strong>At</strong></span> <span class='ocrx_word' id='word_1_171' title='bbox 210 2185 338 2250; x_wconf 85' lang='lat' dir='ltr'><strong>Metabus,</strong></span> <span class='ocrx_word' id='word_1_172' title='bbox 350 2202 445 2258; x_wconf 82' lang='lat' dir='ltr'><strong>magna</strong></span> <span class='ocrx_word' id='word_1_173' title='bbox 455 2187 564 2258; x_wconf 89' lang='lat' dir='ltr'><strong>pmpius</strong></span> <span class='ocrx_word' id='word_1_174' title='bbox 574 2187 627 2241; x_wconf 89' lang='lat' dir='ltr'><strong>iam</strong></span> <span class='ocrx_word' id='word_1_175' title='bbox 637 2193 748 2259; x_wconf 82' lang='lat' dir='ltr'><strong>urgente</strong></span> <span class='ocrx_word' id='word_1_176' title='bbox 756 2193 868 2250; x_wconf 75' lang='lat' dir='ltr'><strong>cateer</strong></span> 
     </span>
    </p>

    <p class='ocr_par' dir='ltr' id='par_1_10' title="bbox 114 2256 858 2406">
     <span class='ocr_line' id='line_1_29' title="bbox 114 2256 858 2334; baseline 0.009 -25"><span class='ocrx_word' id='word_1_177' title='bbox 114 2266 153 2309; x_wconf 83' lang='lat'><strong>555</strong></span> <span class='ocrx_word' id='word_1_178' title='bbox 167 2256 212 2311; x_wconf 84' lang='lat' dir='ltr'><strong>dat</strong></span> <span class='ocrx_word' id='word_1_179' title='bbox 220 2276 277 2312; x_wconf 89' lang='lat' dir='ltr'><strong>sese</strong></span> <span class='ocrx_word' id='word_1_180' title='bbox 286 2259 376 2325; x_wconf 87' lang='lat' dir='ltr'><strong>fluvio,</strong></span> <span class='ocrx_word' id='word_1_181' title='bbox 389 2269 468 2331; x_wconf 89' lang='lat' dir='ltr'><strong>atque</strong></span> <span class='ocrx_word' id='word_1_182' title='bbox 477 2262 578 2315; x_wconf 87' lang='lat' dir='ltr'><strong>hastam</strong></span> <span class='ocrx_word' id='word_1_183' title='bbox 587 2277 649 2314; x_wconf 91' lang='lat' dir='ltr'><strong>cum</strong></span> <span class='ocrx_word' id='word_1_184' title='bbox 659 2260 766 2334; x_wconf 70' lang='lat' dir='ltr'><strong>ungine</strong></span> <span class='ocrx_word' id='word_1_185' title='bbox 774 2261 858 2316; x_wconf 79' lang='lat' dir='ltr'><strong>victer</strong></span> 
     </span>
     <span class='ocr_line' id='line_1_30' title="bbox 168 2332 767 2406; baseline 0.008 -23"><span class='ocrx_word' id='word_1_186' title='bbox 168 2332 303 2404; x_wconf 83' lang='lat' dir='ltr'><strong>gramineo</strong></span> <span class='ocrx_word' id='word_1_187' title='bbox 312 2333 412 2388; x_wconf 88' lang='lat' dir='ltr'><strong>donum</strong></span> <span class='ocrx_word' id='word_1_188' title='bbox 422 2335 525 2389; x_wconf 88' lang='lat' dir='ltr'><strong>Triviae</strong></span> <span class='ocrx_word' id='word_1_189' title='bbox 535 2335 568 2390; x_wconf 91' lang='lat' dir='ltr'><strong>de</strong></span> <span class='ocrx_word' id='word_1_190' title='bbox 576 2335 672 2406; x_wconf 87' lang='lat' dir='ltr'><strong>cespite</strong></span> <span class='ocrx_word' id='word_1_191' title='bbox 681 2334 767 2390; x_wconf 84' lang='lat' dir='ltr'><strong>vellit.</strong></span> 
     </span>
    </p>

    <p class='ocr_par' dir='ltr' id='par_1_11' title="bbox 169 2405 831 2630">
     <span class='ocr_line' id='line_1_31' title="bbox 169 2405 794 2474; baseline 0.008 -15"><span class='ocrx_word' id='word_1_192' title='bbox 169 2407 226 2460; x_wconf 88' lang='lat' dir='ltr'><strong>Non</strong></span> <span class='ocrx_word' id='word_1_193' title='bbox 238 2405 315 2460; x_wconf 91' lang='lat' dir='ltr'><strong>illum</strong></span> <span class='ocrx_word' id='word_1_194' title='bbox 324 2409 398 2462; x_wconf 89' lang='lat' dir='ltr'><strong>tectis</strong></span> <span class='ocrx_word' id='word_1_195' title='bbox 407 2408 486 2474; x_wconf 79' lang='lat' dir='ltr'><strong>ullae,</strong></span> <span class='ocrx_word' id='word_1_196' title='bbox 500 2425 552 2464; x_wconf 92' lang='grc' dir='ltr'><strong>0οο</strong></span> <span class='ocrx_word' id='word_1_197' title='bbox 563 2410 702 2463; x_wconf 88' lang='lat' dir='ltr'><strong>moenibus</strong></span> <span class='ocrx_word' id='word_1_198' title='bbox 712 2409 794 2464; x_wconf 87' lang='lat' dir='ltr'><strong>urbas</strong></span> 
     </span>
     <span class='ocr_line' id='line_1_32' title="bbox 170 2483 831 2553; baseline 0.008 -19"><span class='ocrx_word' id='word_1_199' title='bbox 170 2497 302 2550; x_wconf 87' lang='lat' dir='ltr'><strong>accepere;</strong></span> <span class='ocrx_word' id='word_1_200' title='bbox 324 2499 410 2553; x_wconf 90' lang='lat' dir='ltr'><strong>neque</strong></span> <span class='ocrx_word' id='word_1_201' title='bbox 420 2484 476 2553; x_wconf 91' lang='lat' dir='ltr'><strong>ipse</strong></span> <span class='ocrx_word' id='word_1_202' title='bbox 487 2483 831 2552; x_wconf 82' lang='lat' dir='ltr'><strong>manusferitatededisset;</strong></span> 
     </span>
     <span class='ocr_line' id='line_1_33' title="bbox 170 2556 772 2630; baseline 0.005 -20"><span class='ocrx_word' id='word_1_203' title='bbox 170 2563 306 2629; x_wconf 88' lang='lat' dir='ltr'><strong>pastorum</strong></span> <span class='ocrx_word' id='word_1_204' title='bbox 316 2561 341 2610; x_wconf 91' lang='lat' dir='ltr'><strong>et</strong></span> <span class='ocrx_word' id='word_1_205' title='bbox 350 2556 413 2611; x_wconf 88' lang='lat' dir='ltr'><strong>solis</strong></span> <span class='ocrx_word' id='word_1_206' title='bbox 424 2559 510 2630; x_wconf 80' lang='lat' dir='ltr'><strong>exegit</strong></span> <span class='ocrx_word' id='word_1_207' title='bbox 520 2558 654 2613; x_wconf 91' lang='lat' dir='ltr'><strong>montibus</strong></span> <span class='ocrx_word' id='word_1_208' title='bbox 664 2575 772 2613; x_wconf 85' lang='lat' dir='ltr'><strong>aevum.</strong></span> 
     </span>
    </p>

    <p class='ocr_par' dir='ltr' id='par_1_12' title="bbox 107 2631 840 2705">
     <span class='ocr_line' id='line_1_34' title="bbox 107 2631 840 2705; baseline 0.001 -17"><span class='ocrx_word' id='word_1_209' title='bbox 107 2644 150 2689; x_wconf 85' lang='lat'><strong>570</strong></span> <span class='ocrx_word' id='word_1_210' title='bbox 165 2634 216 2694; x_wconf 84' lang='lat' dir='ltr'><strong>llic</strong></span> <span class='ocrx_word' id='word_1_211' title='bbox 226 2641 329 2702; x_wconf 74' lang='lat' dir='ltr'><strong>natam,</strong></span> <span class='ocrx_word' id='word_1_212' title='bbox 339 2633 369 2692; x_wconf 88' lang='lat' dir='ltr'><strong>iu</strong></span> <span class='ocrx_word' id='word_1_213' title='bbox 379 2631 471 2690; x_wconf 77' lang='grc'>(100150</span> <span class='ocrx_word' id='word_1_214' title='bbox 478 2632 840 2705; x_wconf 66' lang='lat' dir='ltr'><strong>interuuebcmeutinluatra.</strong></span> 
     </span>
    </p>
   </div>
   <div class='ocr_carea' id='block_1_3' title="bbox 0 0 941 3052">
    <p class='ocr_par' dir='ltr' id='par_1_13' title="bbox 0 0 941 3052">
     <span class='ocr_line' id='line_1_35' title="bbox 0 0 941 3052; baseline 0 0"><span class='ocrx_word' id='word_1_215' title='bbox 0 0 941 3052; x_wconf 95' lang='lat' dir='ltr'><strong> </strong></span> 
     </span>
    </p>
   </div>
  </div>
 </body>
</html>
