1846 3052
132 143 182 197 228
298 147 328 191 P.
349 142 519 192 VIRGILII
536 140 712 189 battoma

132 248 184 302 sub
193 246 305 319 pedibus
315 243 419 318 mugire
429 243 526 308 solum,
537 249 564 298 et
573 242 637 316 iuga
645 248 739 314 coepta
747 244 838 298 moveri

132 322 271 386 silvarum,
284 321 408 391 visaeque
417 335 494 373 caneo
503 316 608 373 ululare
615 333 663 388 per
672 317 809 383 umbram,

132 396 288 451 adventante
297 394 352 448 dea.
382 392 510 459 Proculo,
521 390 613 463 procul
623 398 685 456 cate,
697 390 812 464 profani,

131 469 276 524 conclamat
285 475 366 532 vates,
378 475 484 539 totoque
494 467 612 521 absistite
621 464 708 555 lucoqq

77 555 117 600 tto
131 552 215 616 tuque
225 543 321 598 invade
329 544 410 606 viam,
423 542 574 615 vaginaque
582 540 655 611 eripe
662 539 778 607 ferrum3

132 636 204 672 nunc
214 619 310 673 animis
319 634 396 689 opus,
409 616 505 680 Aenea,
518 632 590 670 nunc
598 622 702 686 pectore
712 615 800 670 firmo.

132 694 246 747 Tantum
259 692 342 756 ellata,
355 691 445 746 furens
455 697 530 745 antro
539 707 567 745 se
576 690 690 744 immisit
702 697 800 761 aperto.

132 768 180 821 llle
189 768 284 821 ducem
297 766 369 821 baud
378 765 481 819 timidis
491 765 629 820 vadentem
639 765 766 836 passibus
774 780 838 835 aequ

169 844 210 907 Di,
223 842 323 914 quibus
336 840 478 913 imperium
487 847 527 894 est
536 839 696 968 animarulm,
714 839 838 911 Umbraeq

628 914 652 968 si
663 921 747 978 entes,

78 1001 118 1045 265
132 998 157 1044 et
166 990 260 1054 Chaos,
272 997 297 1044 et
306 989 477 1063 Phlegethon,
491 989 546 1044 loca
557 995 632 1043 nocte
642 990 755 1044 tacentia
764 988 821 1057 late,

133 1066 168 1120 sit
177 1065 243 1119 mihi
253 1063 292 1119 ias
303 1064 391 1118 andita
401 1064 487 1136 loqui;
508 1065 544 1118 sit
552 1064 665 1119 numine
673 1071 763 1119 vestro

132 1140 247 1211 pandere
257 1157 298 1194 res
309 1138 359 1194 alta
368 1147 436 1194 terra
446 1146 472 1194 et
479 1139 592 1212 caligine
601 1155 714 1193 marma.

132 1215 209 1269 Ibant
217 1216 323 1269 obscuri
333 1213 387 1268 sola
398 1214 534 1268 subnecte
542 1229 590 1285 per
597 1214 734 1279 umbram,

132 1306 232 1360 perque
241 1289 334 1344 domos
343 1289 410 1343 Ditis
418 1305 526 1354 vacuas,
537 1294 563 1342 at
573 1288 663 1343 inania
672 1304 768 1362 regna:

78 1375 118 1418 tto
132 1364 211 1436 quale
220 1381 266 1436 per
275 1364 399 1418 incertam
410 1363 503 1418 lunam
512 1363 563 1418 sub
573 1362 632 1417 luce
641 1362 761 1436 maligna

133 1447 172 1492 cst
181 1439 229 1493 iter
238 1439 266 1492 in
277 1439 362 1503 silvis,
377 1439 424 1493 ubi
433 1437 536 1493 coelum
545 1437 663 1492 condidit
672 1439 770 1493 umbra

133 1514 240 1584 Iupiter,
252 1520 277 1566 et
286 1514 365 1567 rebus
375 1531 429 1567 nox
438 1512 546 1567 abstulit
556 1521 609 1566 atra
621 1511 764 1575 colorem}

133 1587 300 1642 Vestibulum
314 1595 374 1642 ante
388 1589 476 1658 ipsum
490 1587 637 1658 primisque
647 1587 676 1640 in
688 1583 838 1641 laucibualir

134 1663 232 1714 Luctus
241 1668 266 1714 et
276 1661 382 1716 ultrices
392 1679 502 1733 posuere
511 1659 609 1715 cubilia
618 1660 719 1729 Curae3

78 1746 117 1790 275
131 1735 312 1807 pallentesque
321 1735 441 1790 habitant
449 1736 544 1800 Morbi,
558 1735 697 1807 tristisque
706 1735 833 1795 Sanetus

133 1820 159 1864 et
168 1811 263 1874 lletus,
276 1816 301 1862 et
310 1809 461 1864 malesuada
472 1811 575 1874 Fames,
587 1826 618 1865 ao
626 1810 716 1881 turpis
725 1811 838 1884 Egestas:

133 1883 262 1938 terribiles
271 1885 332 1938 visu
342 1883 453 1939 formae:
474 1885 630 1957 Letumque,
643 1885 798 1958 Labosque3

134 1969 192 2013 tum
201 1960 414 2032 consanguineus
424 1959 481 2014 Leti
491 1959 582 2031 Sopor,
594 1967 619 2014 et
628 1958 700 2014 mala
711 1961 806 2016 mentis

134 2033 247 2099 Gaudia,
264 2033 481 2105 mortiferumque
493 2033 603 2090 adverso
615 2033 644 2089 in
659 2033 755 2090 limine
766 2033 838 2090 llellu

79 2118 119 2161 280
133 2107 263 2179 ferreique
272 2108 452 2164 Eumenidum
462 2108 580 2175 thalami,
588 2108 838 2165 etoiscordiadema

134 2184 270 2254 vipereum
280 2184 380 2238 crinem
389 2183 462 2238 vittis
472 2183 567 2238 innexa
578 2183 705 2238 cruentis.

171 2259 201 2312 ln
213 2258 300 2313 medio
310 2276 396 2312 ramos
406 2275 558 2331 annosaque
566 2258 672 2313 brachia
681 2257 779 2330 pandit

134 2331 225 2388 ulmus
234 2349 323 2404 opaca,
337 2334 440 2406 ingens,
452 2350 533 2404 quam
544 2333 633 2388 sedem
643 2332 754 2388 Somnia
762 2332 838 2406 vulga

134 2424 203 2461 vana
215 2418 302 2463 tenere
316 2406 411 2472 lerunt,
428 2406 552 2480 foliisque
564 2409 616 2462 sub
624 2407 755 2463 omnibus
763 2408 838 2463 haere

79 2490 119 2532 285
133 2480 269 2552 Multaque
279 2489 408 2551 praeterea
420 2484 554 2538 variarum
564 2489 682 2538 monstra
690 2480 818 2547 ferarum,

135 2555 266 2621 Centauri,
274 2555 301 2610 in
311 2554 413 2611 loribus
423 2556 566 2624 stabulant,
577 2556 735 2632 Scyllaeque
744 2556 838 2613 bilorna

130 2641 155 2690 et
165 2631 549 2712 oentumgemtnusenueus,
555 2632 683 2686 mbellua
689 2632 790 2689 lamnae
