<?xml version="1.0" encoding="UTF-8"?>
<!DOCTYPE html PUBLIC "-//W3C//DTD XHTML 1.0 Transitional//EN"
    "http://www.w3.org/TR/xhtml1/DTD/xhtml1-transitional.dtd">
<html xmlns="http://www.w3.org/1999/xhtml" xml:lang="en" lang="en">
 <head>
  <title>
</title>
<meta http-equiv="Content-Type" content="text/html;charset=utf-8" />
  <meta name='ocr-system' content='tesseract 3.04.00' />
  <meta name='ocr-capabilities' content='ocr_page ocr_carea ocr_par ocr_line ocrx_word'/>
</head>
<body>
  <div class='ocr_page' id='page_1' title='image "./publivergilimar00virggoog/publivergilimar00virggoog_0079.png"; bbox 0 0 1846 3052; ppageno 0'>
   <div class='ocr_carea' id='block_1_1' title="bbox 48 2320 89 2575">
    <p class='ocr_par' dir='ltr' id='par_1_1' title="bbox 48 2320 89 2575">
     <span class='ocr_line' id='line_1_1' title="bbox 48 2320 89 2575; baseline 0 0"><span class='ocrx_word' id='word_1_1' title='bbox 48 2320 89 2575; x_wconf 73' lang='lat' dir='ltr'><strong>i</strong></span> 
     </span>
    </p>
   </div>
   <div class='ocr_carea' id='block_1_2' title="bbox 48 2626 73 2701">
    <p class='ocr_par' dir='ltr' id='par_1_2' title="bbox 48 2626 73 2701">
     <span class='ocr_line' id='line_1_2' title="bbox 48 2626 73 2701; baseline 0 -64"><span class='ocrx_word' id='word_1_2' title='bbox 48 2626 73 2701; x_wconf 52' lang='lat' dir='ltr'><em>s</em></span> 
     </span>
    </p>
   </div>
   <div class='ocr_carea' id='block_1_3' title="bbox 177 140 754 193">
    <p class='ocr_par' dir='ltr' id='par_1_3' title="bbox 177 140 754 193">
     <span class='ocr_line' id='line_1_3' title="bbox 177 140 754 193; baseline -0.009 0"><span class='ocrx_word' id='word_1_3' title='bbox 177 140 210 193; x_wconf 70' lang='grc'><strong>64</strong></span> <span class='ocrx_word' id='word_1_4' title='bbox 340 146 372 193; x_wconf 81' lang='lat'><strong>1’.</strong></span> <span class='ocrx_word' id='word_1_5' title='bbox 391 143 561 191; x_wconf 80' lang='lat' dir='ltr'><strong>VIRGILII</strong></span> <span class='ocrx_word' id='word_1_6' title='bbox 581 144 754 191; x_wconf 71' lang='lat' dir='ltr'>MARONIS</span> 
     </span>
    </p>
   </div>
   <div class='ocr_carea' id='block_1_4' title="bbox 124 242 916 2703">
    <p class='ocr_par' dir='ltr' id='par_1_4' title="bbox 124 242 916 2703">
     <span class='ocr_line' id='line_1_4' title="bbox 125 242 796 315; baseline -0.003 -15"><span class='ocrx_word' id='word_1_7' title='bbox 125 259 149 300; x_wconf 79' lang='lat'><strong>15</strong></span> <span class='ocrx_word' id='word_1_8' title='bbox 177 245 299 311; x_wconf 80' lang='lat' dir='ltr'><strong>Mincius,</strong></span> <span class='ocrx_word' id='word_1_9' title='bbox 310 251 337 301; x_wconf 83' lang='lat' dir='ltr'><strong>et</strong></span> <span class='ocrx_word' id='word_1_10' title='bbox 345 249 433 299; x_wconf 82' lang='lat' dir='ltr'><strong>tenera</strong></span> <span class='ocrx_word' id='word_1_11' title='bbox 440 244 567 315; x_wconf 80' lang='lat' dir='ltr'><strong>praetexit</strong></span> <span class='ocrx_word' id='word_1_12' title='bbox 577 242 707 299; x_wconf 90' lang='lat' dir='ltr'><strong>arundine</strong></span> <span class='ocrx_word' id='word_1_13' title='bbox 715 244 796 315; x_wconf 85' lang='lat' dir='ltr'><strong>ripas.</strong></span> 
     </span>
     <span class='ocr_line' id='line_1_5' title="bbox 177 317 861 390; baseline -0.001 -15"><span class='ocrx_word' id='word_1_14' title='bbox 177 322 207 375; x_wconf 93' lang='lat' dir='ltr'><strong>ln</strong></span> <span class='ocrx_word' id='word_1_15' title='bbox 218 319 305 374; x_wconf 89' lang='lat' dir='ltr'><strong>medio</strong></span> <span class='ocrx_word' id='word_1_16' title='bbox 314 319 380 373; x_wconf 93' lang='lat' dir='ltr'><strong>mihi</strong></span> <span class='ocrx_word' id='word_1_17' title='bbox 391 319 485 374; x_wconf 79' lang='lat' dir='ltr'><strong>Caesar</strong></span> <span class='ocrx_word' id='word_1_18' title='bbox 493 319 550 388; x_wconf 84' lang='lat' dir='ltr'><strong>erit,</strong></span> <span class='ocrx_word' id='word_1_19' title='bbox 561 317 746 390; x_wconf 86' lang='lat' dir='ltr'><strong>templumque</strong></span> <span class='ocrx_word' id='word_1_20' title='bbox 754 320 861 375; x_wconf 78' lang='lat' dir='ltr'>tenebit.</span> 
     </span>
     <span class='ocr_line' id='line_1_6' title="bbox 177 393 792 467; baseline -0.003 -17"><span class='ocrx_word' id='word_1_21' title='bbox 177 395 218 450; x_wconf 88' lang='lat' dir='ltr'><strong>lili</strong></span> <span class='ocrx_word' id='word_1_22' title='bbox 229 395 310 449; x_wconf 83' lang='lat' dir='ltr'><strong>victor</strong></span> <span class='ocrx_word' id='word_1_23' title='bbox 319 411 377 467; x_wconf 82' lang='lat' dir='ltr'><strong>ego,</strong></span> <span class='ocrx_word' id='word_1_24' title='bbox 387 400 413 448; x_wconf 86' lang='lat' dir='ltr'><strong>et</strong></span> <span class='ocrx_word' id='word_1_25' title='bbox 422 394 502 467; x_wconf 86' lang='lat' dir='ltr'><strong>Tyrio</strong></span> <span class='ocrx_word' id='word_1_26' title='bbox 509 399 664 464; x_wconf 84' lang='lat' dir='ltr'><strong>conspectus</strong></span> <span class='ocrx_word' id='word_1_27' title='bbox 675 393 792 458; x_wconf 79' lang='lat' dir='ltr'><strong>inostro,</strong></span> 
     </span>
     <span class='ocr_line' id='line_1_7' title="bbox 177 466 860 541; baseline 0.001 -18"><span class='ocrx_word' id='word_1_28' title='bbox 177 475 283 523; x_wconf 86' lang='lat' dir='ltr'><strong>centum</strong></span> <span class='ocrx_word' id='word_1_29' title='bbox 293 468 465 541; x_wconf 80' lang='lat' dir='ltr'><strong>quadriiugos</strong></span> <span class='ocrx_word' id='word_1_30' title='bbox 475 468 579 541; x_wconf 80' lang='lat' dir='ltr'><strong>agitabo</strong></span> <span class='ocrx_word' id='word_1_31' title='bbox 589 467 623 522; x_wconf 87' lang='lat' dir='ltr'><strong>ad</strong></span> <span class='ocrx_word' id='word_1_32' title='bbox 632 466 744 523; x_wconf 86' lang='lat' dir='ltr'><strong>flumina</strong></span> <span class='ocrx_word' id='word_1_33' title='bbox 753 485 860 524; x_wconf 85' lang='lat' dir='ltr'><strong>currus.</strong></span> 
     </span>
     <span class='ocr_line' id='line_1_8' title="bbox 178 541 912 615; baseline 0.003 -16"><span class='ocrx_word' id='word_1_34' title='bbox 178 542 278 599; x_wconf 89' lang='lat' dir='ltr'><strong>Cuncta</strong></span> <span class='ocrx_word' id='word_1_35' title='bbox 287 543 364 609; x_wconf 89' lang='lat' dir='ltr'><strong>mihi,</strong></span> <span class='ocrx_word' id='word_1_36' title='bbox 375 542 507 614; x_wconf 80' lang='lat' dir='ltr'><strong>Alpheum</strong></span> <span class='ocrx_word' id='word_1_37' title='bbox 517 542 642 614; x_wconf 87' lang='lat' dir='ltr'><strong>linquens</strong></span> <span class='ocrx_word' id='word_1_38' title='bbox 651 541 912 615; x_wconf 77' lang='lat' dir='ltr'><strong>lucosqueMoiorchi</strong></span> 
     </span>
     <span class='ocr_line' id='line_1_9' title="bbox 124 616 780 673; baseline 0.002 -2"><span class='ocrx_word' id='word_1_39' title='bbox 124 630 149 671; x_wconf 81' lang='lat'><strong>20</strong></span> <span class='ocrx_word' id='word_1_40' title='bbox 176 618 300 672; x_wconf 87' lang='lat' dir='ltr'><strong>cursibus</strong></span> <span class='ocrx_word' id='word_1_41' title='bbox 309 617 424 673; x_wconf 87' lang='lat' dir='ltr'><strong>etcrudo</strong></span> <span class='ocrx_word' id='word_1_42' title='bbox 433 617 554 673; x_wconf 86' lang='lat' dir='ltr'><strong>decernet</strong></span> <span class='ocrx_word' id='word_1_43' title='bbox 562 616 670 672; x_wconf 85' lang='lat' dir='ltr'><strong>Graecia</strong></span> <span class='ocrx_word' id='word_1_44' title='bbox 681 626 780 673; x_wconf 88' lang='lat' dir='ltr'><strong>caestu.</strong></span> 
     </span>
     <span class='ocr_line' id='line_1_10' title="bbox 178 691 733 764; baseline 0 -18"><span class='ocrx_word' id='word_1_45' title='bbox 178 694 246 764; x_wconf 87' lang='lat' dir='ltr'><strong>Ipse,</strong></span> <span class='ocrx_word' id='word_1_46' title='bbox 258 699 336 763; x_wconf 87' lang='lat' dir='ltr'><strong>caput</strong></span> <span class='ocrx_word' id='word_1_47' title='bbox 346 691 514 748; x_wconf 79' lang='lat' dir='ltr'><strong>tonsaeioliis</strong></span> <span class='ocrx_word' id='word_1_48' title='bbox 523 699 630 746; x_wconf 86' lang='lat' dir='ltr'><strong>ornatus</strong></span> <span class='ocrx_word' id='word_1_49' title='bbox 640 691 733 758; x_wconf 87' lang='lat' dir='ltr'><strong>olivae,</strong></span> 
     </span>
     <span class='ocr_line' id='line_1_11' title="bbox 178 765 873 840; baseline -0.001 -18"><span class='ocrx_word' id='word_1_50' title='bbox 178 767 245 822; x_wconf 89' lang='lat' dir='ltr'><strong>dona</strong></span> <span class='ocrx_word' id='word_1_51' title='bbox 255 766 352 835; x_wconf 81' lang='lat' dir='ltr'><strong>ieram;</strong></span> <span class='ocrx_word' id='word_1_52' title='bbox 373 767 426 821; x_wconf 89' lang='lat' dir='ltr'><strong>iam</strong></span> <span class='ocrx_word' id='word_1_53' title='bbox 437 784 509 822; x_wconf 91' lang='lat' dir='ltr'><strong>nunc</strong></span> <span class='ocrx_word' id='word_1_54' title='bbox 517 765 648 822; x_wconf 84' lang='lat' dir='ltr'><strong>solemnes</strong></span> <span class='ocrx_word' id='word_1_55' title='bbox 657 765 752 821; x_wconf 87' lang='lat' dir='ltr'><strong>ducere</strong></span> <span class='ocrx_word' id='word_1_56' title='bbox 761 784 873 840; x_wconf 82' lang='lat' dir='ltr'><strong>pompas</strong></span> 
     </span>
     <span class='ocr_line' id='line_1_12' title="bbox 178 840 822 912; baseline 0.002 -16"><span class='ocrx_word' id='word_1_57' title='bbox 178 841 212 896; x_wconf 85' lang='lat' dir='ltr'><strong>ad</strong></span> <span class='ocrx_word' id='word_1_58' title='bbox 220 841 330 897; x_wconf 88' lang='lat' dir='ltr'><strong>delubra</strong></span> <span class='ocrx_word' id='word_1_59' title='bbox 340 841 422 906; x_wconf 85' lang='lat' dir='ltr'><strong>iuvat,</strong></span> <span class='ocrx_word' id='word_1_60' title='bbox 433 856 577 912; x_wconf 84' lang='lat' dir='ltr'><strong>caesosque</strong></span> <span class='ocrx_word' id='word_1_61' title='bbox 584 840 673 896; x_wconf 83' lang='lat' dir='ltr'><strong>videre</strong></span> <span class='ocrx_word' id='word_1_62' title='bbox 683 841 822 909; x_wconf 87' lang='lat' dir='ltr'><strong>iuvencos;</strong></span> 
     </span>
     <span class='ocr_line' id='line_1_13' title="bbox 178 914 811 989; baseline 0.003 -18"><span class='ocrx_word' id='word_1_63' title='bbox 178 914 221 971; x_wconf 88' lang='lat' dir='ltr'><strong>vel</strong></span> <span class='ocrx_word' id='word_1_64' title='bbox 230 932 307 970; x_wconf 87' lang='lat' dir='ltr'><strong>scena</strong></span> <span class='ocrx_word' id='word_1_65' title='bbox 316 923 346 971; x_wconf 90' lang='lat' dir='ltr'><strong>ut</strong></span> <span class='ocrx_word' id='word_1_66' title='bbox 356 915 438 971; x_wconf 90' lang='lat' dir='ltr'><strong>versis</strong></span> <span class='ocrx_word' id='word_1_67' title='bbox 448 916 565 970; x_wconf 86' lang='lat' dir='ltr'><strong>discedat</strong></span> <span class='ocrx_word' id='word_1_68' title='bbox 573 914 712 981; x_wconf 76' lang='lat' dir='ltr'><strong>frontibus,</strong></span> <span class='ocrx_word' id='word_1_69' title='bbox 727 924 811 989; x_wconf 84' lang='lat' dir='ltr'><strong>utque</strong></span> 
     </span>
     <span class='ocr_line' id='line_1_14' title="bbox 125 989 747 1062; baseline 0.003 -19"><span class='ocrx_word' id='word_1_70' title='bbox 125 1001 150 1043; x_wconf 81' lang='lat'><strong>25</strong></span> <span class='ocrx_word' id='word_1_71' title='bbox 177 1006 310 1062; x_wconf 84' lang='lat' dir='ltr'><strong>purpurea</strong></span> <span class='ocrx_word' id='word_1_72' title='bbox 319 990 411 1046; x_wconf 83' lang='lat' dir='ltr'><strong>intexti</strong></span> <span class='ocrx_word' id='word_1_73' title='bbox 421 990 513 1045; x_wconf 87' lang='lat' dir='ltr'><strong>tollant</strong></span> <span class='ocrx_word' id='word_1_74' title='bbox 521 989 610 1045; x_wconf 83' lang='lat' dir='ltr'><strong>aulaea</strong></span> <span class='ocrx_word' id='word_1_75' title='bbox 619 989 747 1046; x_wconf 88' lang='lat' dir='ltr'><strong>Britanni.</strong></span> 
     </span>
     <span class='ocr_line' id='line_1_15' title="bbox 178 1062 861 1138; baseline 0.004 -19"><span class='ocrx_word' id='word_1_76' title='bbox 178 1067 208 1119; x_wconf 92' lang='lat' dir='ltr'><strong>ln</strong></span> <span class='ocrx_word' id='word_1_77' title='bbox 218 1062 320 1119; x_wconf 80' lang='lat' dir='ltr'><strong>foribus</strong></span> <span class='ocrx_word' id='word_1_78' title='bbox 328 1082 447 1138; x_wconf 83' lang='lat' dir='ltr'><strong>pugnam</strong></span> <span class='ocrx_word' id='word_1_79' title='bbox 457 1083 490 1119; x_wconf 87' lang='lat' dir='ltr'><strong>ex</strong></span> <span class='ocrx_word' id='word_1_80' title='bbox 502 1082 566 1120; x_wconf 89' lang='lat' dir='ltr'><strong>auro</strong></span> <span class='ocrx_word' id='word_1_81' title='bbox 575 1063 712 1137; x_wconf 86' lang='lat' dir='ltr'><strong>solidoque</strong></span> <span class='ocrx_word' id='word_1_82' title='bbox 720 1064 861 1137; x_wconf 77' lang='lat' dir='ltr'><strong>elephanto</strong></span> 
     </span>
     <span class='ocr_line' id='line_1_16' title="bbox 179 1138 858 1213; baseline 0.001 -19"><span class='ocrx_word' id='word_1_83' title='bbox 179 1138 361 1213; x_wconf 82' lang='lat' dir='ltr'><strong>Gangaridum</strong></span> <span class='ocrx_word' id='word_1_84' title='bbox 373 1139 475 1204; x_wconf 78' lang='lat' dir='ltr'><strong>faciam,</strong></span> <span class='ocrx_word' id='word_1_85' title='bbox 488 1140 647 1211; x_wconf 88' lang='lat' dir='ltr'><strong>victorisque</strong></span> <span class='ocrx_word' id='word_1_86' title='bbox 657 1157 728 1193; x_wconf 86' lang='lat' dir='ltr'><strong>arma</strong></span> <span class='ocrx_word' id='word_1_87' title='bbox 739 1139 858 1208; x_wconf 88' lang='lat' dir='ltr'><strong>Quirini;</strong></span> 
     </span>
     <span class='ocr_line' id='line_1_17' title="bbox 180 1212 884 1286; baseline 0.006 -19"><span class='ocrx_word' id='word_1_88' title='bbox 180 1221 258 1285; x_wconf 86' lang='lat' dir='ltr'><strong>atque</strong></span> <span class='ocrx_word' id='word_1_89' title='bbox 268 1213 331 1269; x_wconf 88' lang='lat' dir='ltr'><strong>hinc</strong></span> <span class='ocrx_word' id='word_1_90' title='bbox 338 1214 480 1269; x_wconf 83' lang='lat' dir='ltr'><strong>undantem</strong></span> <span class='ocrx_word' id='word_1_91' title='bbox 491 1212 560 1269; x_wconf 87' lang='lat' dir='ltr'><strong>hello</strong></span> <span class='ocrx_word' id='word_1_92' title='bbox 569 1230 751 1286; x_wconf 84' lang='lat' dir='ltr'><strong>magnumque</strong></span> <span class='ocrx_word' id='word_1_93' title='bbox 760 1213 884 1271; x_wconf 83' lang='lat' dir='ltr'><strong>fluentem</strong></span> 
     </span>
     <span class='ocr_line' id='line_1_18' title="bbox 179 1287 791 1362; baseline -0.002 -19"><span class='ocrx_word' id='word_1_94' title='bbox 179 1288 281 1353; x_wconf 79' lang='lat' dir='ltr'><strong>Nilum.</strong></span> <span class='ocrx_word' id='word_1_95' title='bbox 293 1305 323 1343; x_wconf 89' lang='lat' dir='ltr'><strong>ac</strong></span> <span class='ocrx_word' id='word_1_96' title='bbox 332 1289 419 1343; x_wconf 84' lang='lat' dir='ltr'><strong>navali</strong></span> <span class='ocrx_word' id='word_1_97' title='bbox 429 1296 566 1362; x_wconf 83' lang='lat' dir='ltr'><strong>surgentes</strong></span> <span class='ocrx_word' id='word_1_98' title='bbox 576 1306 634 1343; x_wconf 81' lang='lat' dir='ltr'><strong>aere</strong></span> <span class='ocrx_word' id='word_1_99' title='bbox 644 1287 791 1343; x_wconf 87' lang='lat' dir='ltr'><strong>columnas.</strong></span> 
     </span>
     <span class='ocr_line' id='line_1_19' title="bbox 125 1361 916 1434; baseline 0.006 -20"><span class='ocrx_word' id='word_1_100' title='bbox 125 1372 151 1415; x_wconf 75' lang='lat' dir='ltr'><strong>so</strong></span> <span class='ocrx_word' id='word_1_101' title='bbox 179 1362 283 1418; x_wconf 82' lang='lat' dir='ltr'><strong>Addam</strong></span> <span class='ocrx_word' id='word_1_102' title='bbox 292 1362 372 1418; x_wconf 90' lang='lat' dir='ltr'><strong>urbes</strong></span> <span class='ocrx_word' id='word_1_103' title='bbox 381 1362 459 1419; x_wconf 80' lang='lat' dir='ltr'><strong>Asiae</strong></span> <span class='ocrx_word' id='word_1_104' title='bbox 468 1363 589 1427; x_wconf 85' lang='lat' dir='ltr'><strong>domitas,</strong></span> <span class='ocrx_word' id='word_1_105' title='bbox 606 1361 770 1434; x_wconf 87' lang='lat' dir='ltr'><strong>pulsumque</strong></span> <span class='ocrx_word' id='word_1_106' title='bbox 779 1364 916 1434; x_wconf 84' lang='lat' dir='ltr'><strong>Niphaten,</strong></span> 
     </span>
     <span class='ocr_line' id='line_1_20' title="bbox 180 1436 832 1511; baseline 0 -20"><span class='ocrx_word' id='word_1_107' title='bbox 180 1437 357 1509; x_wconf 83' lang='lat' dir='ltr'><strong>fidentemque</strong></span> <span class='ocrx_word' id='word_1_108' title='bbox 365 1436 428 1511; x_wconf 83' lang='lat' dir='ltr'><strong>fuga</strong></span> <span class='ocrx_word' id='word_1_109' title='bbox 440 1438 565 1492; x_wconf 82' lang='lat' dir='ltr'><strong>Parthum</strong></span> <span class='ocrx_word' id='word_1_110' title='bbox 575 1436 710 1506; x_wconf 84' lang='lat' dir='ltr'><strong>versisque</strong></span> <span class='ocrx_word' id='word_1_111' title='bbox 719 1438 832 1510; x_wconf 74' lang='lat' dir='ltr'><strong>sagittis,</strong></span> 
     </span>
     <span class='ocr_line' id='line_1_21' title="bbox 180 1511 801 1583; baseline 0.003 -19"><span class='ocrx_word' id='word_1_112' title='bbox 180 1518 205 1565; x_wconf 85' lang='lat' dir='ltr'><strong>at</strong></span> <span class='ocrx_word' id='word_1_113' title='bbox 214 1511 267 1565; x_wconf 93' lang='lat' dir='ltr'><strong>duo</strong></span> <span class='ocrx_word' id='word_1_114' title='bbox 276 1519 348 1583; x_wconf 84' lang='lat' dir='ltr'><strong>rapta</strong></span> <span class='ocrx_word' id='word_1_115' title='bbox 358 1530 439 1566; x_wconf 91' lang='lat' dir='ltr'><strong>manu</strong></span> <span class='ocrx_word' id='word_1_116' title='bbox 449 1512 553 1567; x_wconf 87' lang='lat' dir='ltr'><strong>diverso</strong></span> <span class='ocrx_word' id='word_1_117' title='bbox 562 1529 595 1566; x_wconf 87' lang='lat' dir='ltr'><strong>ex</strong></span> <span class='ocrx_word' id='word_1_118' title='bbox 605 1511 679 1565; x_wconf 92' lang='lat' dir='ltr'><strong>hoste</strong></span> <span class='ocrx_word' id='word_1_119' title='bbox 688 1518 801 1582; x_wconf 79' lang='lat' dir='ltr'><strong>tropaea.</strong></span> 
     </span>
     <span class='ocr_line' id='line_1_22' title="bbox 179 1584 840 1662; baseline 0.002 -23"><span class='ocrx_word' id='word_1_120' title='bbox 179 1585 275 1656; x_wconf 90' lang='lat' dir='ltr'><strong>bisque</strong></span> <span class='ocrx_word' id='word_1_121' title='bbox 284 1585 459 1656; x_wconf 86' lang='lat' dir='ltr'><strong>triumphatas</strong></span> <span class='ocrx_word' id='word_1_122' title='bbox 469 1593 582 1656; x_wconf 88' lang='lat' dir='ltr'><strong>utroque</strong></span> <span class='ocrx_word' id='word_1_123' title='bbox 590 1585 624 1639; x_wconf 87' lang='lat' dir='ltr'><strong>ah</strong></span> <span class='ocrx_word' id='word_1_124' title='bbox 635 1584 709 1640; x_wconf 86' lang='lat' dir='ltr'><strong>litore</strong></span> <span class='ocrx_word' id='word_1_125' title='bbox 716 1594 816 1657; x_wconf 82' lang='lat' dir='ltr'><strong>gentes.</strong></span> <span class='ocrx_word' id='word_1_126' title='bbox 827 1590 840 1662; x_wconf 65' lang='lat' dir='ltr'><strong>t</strong></span> 
     </span>
     <span class='ocr_line' id='line_1_23' title="bbox 180 1658 756 1733; baseline 0.002 -20"><span class='ocrx_word' id='word_1_127' title='bbox 180 1658 292 1713; x_wconf 85' lang='lat' dir='ltr'><strong>Stabunt</strong></span> <span class='ocrx_word' id='word_1_128' title='bbox 301 1666 326 1712; x_wconf 90' lang='lat' dir='ltr'><strong>et</strong></span> <span class='ocrx_word' id='word_1_129' title='bbox 336 1659 403 1713; x_wconf 90' lang='lat' dir='ltr'><strong>Parii</strong></span> <span class='ocrx_word' id='word_1_130' title='bbox 414 1658 522 1729; x_wconf 84' lang='lat' dir='ltr'><strong>lapides,</strong></span> <span class='ocrx_word' id='word_1_131' title='bbox 534 1659 660 1730; x_wconf 83' lang='lat' dir='ltr'><strong>spirantia</strong></span> <span class='ocrx_word' id='word_1_132' title='bbox 670 1660 756 1733; x_wconf 80' lang='lat' dir='ltr'><strong>signa,</strong></span> 
     </span>
     <span class='ocr_line' id='line_1_24' title="bbox 127 1731 811 1808; baseline 0.003 -22"><span class='ocrx_word' id='word_1_133' title='bbox 127 1743 151 1786; x_wconf 75' lang='lat'><strong>35</strong></span> <span class='ocrx_word' id='word_1_134' title='bbox 180 1731 299 1787; x_wconf 80' lang='lat' dir='ltr'><strong>Assaraci</strong></span> <span class='ocrx_word' id='word_1_135' title='bbox 308 1731 404 1803; x_wconf 85' lang='lat' dir='ltr'><strong>proles,</strong></span> <span class='ocrx_word' id='word_1_136' title='bbox 415 1733 598 1804; x_wconf 90' lang='lat' dir='ltr'><strong>demissaeque</strong></span> <span class='ocrx_word' id='word_1_137' title='bbox 607 1733 642 1787; x_wconf 90' lang='lat' dir='ltr'><strong>ab</strong></span> <span class='ocrx_word' id='word_1_138' title='bbox 652 1736 712 1790; x_wconf 87' lang='lat' dir='ltr'><strong>Iove</strong></span> <span class='ocrx_word' id='word_1_139' title='bbox 724 1735 811 1808; x_wconf 79' lang='lat' dir='ltr'><strong>gentis</strong></span> 
     </span>
     <span class='ocr_line' id='line_1_25' title="bbox 180 1807 838 1882; baseline 0.005 -21"><span class='ocrx_word' id='word_1_140' title='bbox 180 1807 297 1871; x_wconf 84' lang='lat' dir='ltr'><strong>nomina,</strong></span> <span class='ocrx_word' id='word_1_141' title='bbox 313 1808 430 1880; x_wconf 85' lang='lat' dir='ltr'><strong>Trosque</strong></span> <span class='ocrx_word' id='word_1_142' title='bbox 442 1824 546 1879; x_wconf 85' lang='lat' dir='ltr'><strong>parens,</strong></span> <span class='ocrx_word' id='word_1_143' title='bbox 563 1816 589 1862; x_wconf 84' lang='lat' dir='ltr'><strong>et</strong></span> <span class='ocrx_word' id='word_1_144' title='bbox 600 1808 692 1862; x_wconf 81' lang='lat' dir='ltr'><strong>Troiae</strong></span> <span class='ocrx_word' id='word_1_145' title='bbox 705 1808 838 1882; x_wconf 83' lang='lat' dir='ltr'><strong>Cynthius</strong></span> 
     </span>
     <span class='ocr_line' id='line_1_26' title="bbox 619 1891 716 1938; baseline 0 -2"><span class='ocrx_word' id='word_1_146' title='bbox 619 1891 716 1938; x_wconf 77' lang='lat' dir='ltr'><strong>auctor.</strong></span> 
     </span>
     <span class='ocr_line' id='line_1_27' title="bbox 180 1953 788 2028; baseline 0.003 -18"><span class='ocrx_word' id='word_1_147' title='bbox 180 1954 283 2010; x_wconf 88' lang='lat' dir='ltr'><strong>Invidia</strong></span> <span class='ocrx_word' id='word_1_148' title='bbox 291 1953 488 2010; x_wconf 80' lang='lat' dir='ltr'><strong>iniciixFurias</strong></span> <span class='ocrx_word' id='word_1_149' title='bbox 497 1962 657 2028; x_wconf 77' lang='lat' dir='ltr'><strong>amnemque</strong></span> <span class='ocrx_word' id='word_1_150' title='bbox 665 1974 788 2012; x_wconf 83' lang='lat' dir='ltr'><strong>severum</strong></span> 
     </span>
     <span class='ocr_line' id='line_1_28' title="bbox 181 2030 760 2105; baseline -0.002 -19"><span class='ocrx_word' id='word_1_151' title='bbox 181 2030 271 2103; x_wconf 82' lang='lat' dir='ltr'><strong>Cocyti</strong></span> <span class='ocrx_word' id='word_1_152' title='bbox 281 2035 387 2095; x_wconf 87' lang='lat' dir='ltr'><strong>metuet,</strong></span> <span class='ocrx_word' id='word_1_153' title='bbox 400 2037 534 2102; x_wconf 83' lang='lat' dir='ltr'><strong>tortosque</strong></span> <span class='ocrx_word' id='word_1_154' title='bbox 541 2031 641 2086; x_wconf 84' lang='lat' dir='ltr'><strong>Ixionis</strong></span> <span class='ocrx_word' id='word_1_155' title='bbox 651 2049 760 2105; x_wconf 79' lang='lat' dir='ltr'><strong>angues,</strong></span> 
     </span>
     <span class='ocr_line' id='line_1_29' title="bbox 181 2105 888 2177; baseline 0.007 -19"><span class='ocrx_word' id='word_1_156' title='bbox 181 2105 378 2175; x_wconf 78' lang='lat' dir='ltr'><strong>immanemque</strong></span> <span class='ocrx_word' id='word_1_157' title='bbox 386 2113 479 2170; x_wconf 84' lang='lat' dir='ltr'><strong>rotam,</strong></span> <span class='ocrx_word' id='word_1_158' title='bbox 491 2112 516 2160; x_wconf 89' lang='lat' dir='ltr'><strong>et</strong></span> <span class='ocrx_word' id='word_1_159' title='bbox 526 2122 578 2160; x_wconf 92' lang='lat' dir='ltr'><strong>non</strong></span> <span class='ocrx_word' id='word_1_160' title='bbox 588 2105 771 2177; x_wconf 76' lang='lat' dir='ltr'><strong>exsuperabile</strong></span> <span class='ocrx_word' id='word_1_161' title='bbox 779 2123 888 2163; x_wconf 79' lang='lat' dir='ltr'><strong>saxum.</strong></span> 
     </span>
     <span class='ocr_line' id='line_1_30' title="bbox 126 2178 814 2251; baseline 0.006 -20"><span class='ocrx_word' id='word_1_162' title='bbox 126 2186 152 2231; x_wconf 80' lang='lat' dir='ltr'><strong>to</strong></span> <span class='ocrx_word' id='word_1_163' title='bbox 180 2179 277 2232; x_wconf 87' lang='lat' dir='ltr'><strong>Interea</strong></span> <span class='ocrx_word' id='word_1_164' title='bbox 287 2178 422 2251; x_wconf 86' lang='lat' dir='ltr'><strong>Dryadum</strong></span> <span class='ocrx_word' id='word_1_165' title='bbox 432 2178 514 2234; x_wconf 87' lang='lat' dir='ltr'><strong>siivas</strong></span> <span class='ocrx_word' id='word_1_166' title='bbox 522 2179 659 2251; x_wconf 88' lang='lat' dir='ltr'><strong>saltusque</strong></span> <span class='ocrx_word' id='word_1_167' title='bbox 669 2197 814 2251; x_wconf 83' lang='lat' dir='ltr'><strong>sequamur</strong></span> 
     </span>
     <span class='ocr_line' id='line_1_31' title="bbox 182 2253 797 2318; baseline 0.005 -13"><span class='ocrx_word' id='word_1_168' title='bbox 182 2253 299 2316; x_wconf 86' lang='lat' dir='ltr'><strong>intectos,</strong></span> <span class='ocrx_word' id='word_1_169' title='bbox 311 2258 366 2316; x_wconf 83' lang='lat' dir='ltr'><strong>tua,</strong></span> <span class='ocrx_word' id='word_1_170' title='bbox 377 2254 521 2318; x_wconf 84' lang='lat' dir='ltr'><strong>Maecenas,</strong></span> <span class='ocrx_word' id='word_1_171' title='bbox 533 2254 605 2309; x_wconf 91' lang='lat' dir='ltr'><strong>haud</strong></span> <span class='ocrx_word' id='word_1_172' title='bbox 615 2254 704 2309; x_wconf 84' lang='lat' dir='ltr'><strong>mollia</strong></span> <span class='ocrx_word' id='word_1_173' title='bbox 716 2255 797 2309; x_wconf 85' lang='lat' dir='ltr'><strong>iussa.</strong></span> 
     </span>
     <span class='ocr_line' id='line_1_32' title="bbox 181 2324 872 2402; baseline 0.004 -22"><span class='ocrx_word' id='word_1_174' title='bbox 181 2327 217 2381; x_wconf 92' lang='lat' dir='ltr'><strong>Te</strong></span> <span class='ocrx_word' id='word_1_175' title='bbox 225 2326 284 2381; x_wconf 83' lang='lat' dir='ltr'><strong>sine</strong></span> <span class='ocrx_word' id='word_1_176' title='bbox 292 2325 330 2380; x_wconf 90' lang='lat' dir='ltr'><strong>nil</strong></span> <span class='ocrx_word' id='word_1_177' title='bbox 340 2324 422 2380; x_wconf 80' lang='lat' dir='ltr'><strong>altum</strong></span> <span class='ocrx_word' id='word_1_178' title='bbox 433 2345 509 2382; x_wconf 82' lang='lat' dir='ltr'><strong>mens</strong></span> <span class='ocrx_word' id='word_1_179' title='bbox 519 2327 631 2383; x_wconf 82' lang='lat' dir='ltr'><strong>inchoat.</strong></span> <span class='ocrx_word' id='word_1_180' title='bbox 651 2329 691 2382; x_wconf 85' lang='lat' dir='ltr'><strong>En</strong></span> <span class='ocrx_word' id='word_1_181' title='bbox 702 2344 759 2400; x_wconf 79' lang='lat' dir='ltr'><strong>age.</strong></span> <span class='ocrx_word' id='word_1_182' title='bbox 774 2346 872 2402; x_wconf 80' lang='lat' dir='ltr'><strong>segnes</strong></span> 
     </span>
     <span class='ocr_line' id='line_1_33' title="bbox 181 2401 876 2474; baseline 0.009 -20"><span class='ocrx_word' id='word_1_183' title='bbox 181 2416 276 2472; x_wconf 86' lang='lat' dir='ltr'><strong>rumpe</strong></span> <span class='ocrx_word' id='word_1_184' title='bbox 285 2417 386 2469; x_wconf 84' lang='lat' dir='ltr'><strong>moras;</strong></span> <span class='ocrx_word' id='word_1_185' title='bbox 409 2409 482 2456; x_wconf 86' lang='lat' dir='ltr'><strong>vocat</strong></span> <span class='ocrx_word' id='word_1_186' title='bbox 490 2402 590 2474; x_wconf 81' lang='lat' dir='ltr'><strong>ingenti</strong></span> <span class='ocrx_word' id='word_1_187' title='bbox 600 2401 713 2457; x_wconf 80' lang='lat' dir='ltr'><strong>clamore</strong></span> <span class='ocrx_word' id='word_1_188' title='bbox 724 2401 876 2467; x_wconf 82' lang='lat' dir='ltr'><strong>Cithaeron.</strong></span> 
     </span>
     <span class='ocr_line' id='line_1_34' title="bbox 181 2474 916 2550; baseline 0.008 -21"><span class='ocrx_word' id='word_1_189' title='bbox 181 2474 916 2550; x_wconf 76' lang='lat' dir='ltr'><strong>Taygetiquecanes,domitrixqucEpidaurusequorum</strong></span> 
     </span>
     <span class='ocr_line' id='line_1_35' title="bbox 126 2549 842 2627; baseline 0.011 -26"><span class='ocrx_word' id='word_1_190' title='bbox 126 2555 154 2601; x_wconf 71' lang='lat' dir='ltr'><strong>ts</strong></span> <span class='ocrx_word' id='word_1_191' title='bbox 181 2557 268 2605; x_wconf 85' lang='lat' dir='ltr'><strong>etvox</strong></span> <span class='ocrx_word' id='word_1_192' title='bbox 277 2549 391 2606; x_wconf 88' lang='lat' dir='ltr'><strong>adsensu</strong></span> <span class='ocrx_word' id='word_1_193' title='bbox 401 2568 540 2606; x_wconf 89' lang='lat' dir='ltr'><strong>nemorum</strong></span> <span class='ocrx_word' id='word_1_194' title='bbox 548 2551 709 2624; x_wconf 71' lang='lat' dir='ltr'><strong>ingeminato</strong></span> <span class='ocrx_word' id='word_1_195' title='bbox 719 2554 842 2627; x_wconf 81' lang='lat' dir='ltr'><strong>remugit.</strong></span> 
     </span>
     <span class='ocr_line' id='line_1_36' title="bbox 174 2624 885 2703; baseline 0.004 -23"><span class='ocrx_word' id='word_1_196' title='bbox 174 2624 805 2703; x_wconf 67' lang='lat' dir='ltr'><strong>Moxtamenamentcsaociogardioereougnas</strong></span> <span class='ocrx_word' id='word_1_197' title='bbox 879 2642 885 2653; x_wconf 94' lang='lat'>·</span> 
     </span>
    </p>
   </div>
   <div class='ocr_carea' id='block_1_5' title="bbox 0 0 928 3052">
    <p class='ocr_par' dir='ltr' id='par_1_5' title="bbox 0 0 928 3052">
     <span class='ocr_line' id='line_1_37' title="bbox 0 0 928 3052; baseline 0 0"><span class='ocrx_word' id='word_1_198' title='bbox 0 0 928 3052; x_wconf 95' lang='lat' dir='ltr'><strong> </strong></span> 
     </span>
    </p>
   </div>
  </div>
 </body>
</html>
