1846 3052
220 169 364 217 annum
373 169 418 216 08
435 169 508 215 LIB.
526 171 559 216 Χ.
710 168 761 222 348

96 266 196 339 ipedes
206 267 302 327 incedit
311 267 391 323 medii
400 284 447 338 per
456 268 572 323 maxima
581 269 658 324 Nerei

96 341 192 397 ariam
204 341 336 408 scindens,
347 342 458 398 humero
467 345 643 413 supereminet
652 345 750 419 undes3
776 360 815 405 755

96 415 203 470 cummis
213 415 326 471 reserens
336 433 463 472 annosam
474 417 608 473 montibus
617 434 727 485 ornum,

96 489 219 561 diturqne
228 489 284 546 salo
293 498 318 546 et
326 499 404 562 caput
413 492 481 547 inter
489 492 583 549 nubila
592 493 693 550 condit:

96 565 208 619 revestis
217 564 295 620 infert
303 565 447 623 Mezentius
456 566 546 621 armis.

96 646 184 694 contra
192 639 303 705 Aeneas,
314 640 464 710 speculatus
472 638 501 694 in
510 639 617 712 agmine
624 640 712 717 longo,

96 713 256 784 rsireparat.
285 715 634 786 Manetimperterritusille,
776 729 815 772 7777

96 804 122 840 m
133 788 335 860 magnanimum
345 789 493 859 opperiens,
505 796 530 843 et
540 787 609 844 mole
617 806 666 846 sue
675 799 740 853 stet:

96 861 190 915 1oculis
199 862 764 934 spatiumemensus,quantumsatishastae:

96 953 124 999 a,
138 935 205 989 mihi
215 935 290 999 deus,
303 944 328 990 et
336 936 426 1001 telum,
439 937 511 1008 quod
519 934 706 1006 missilelibno‚

104 1008 204 1063 adsint!
227 1010 312 1064 Voveo
320 1010 459 1081 praedonis
468 1028 574 1083 corpore
583 1013 664 1082 raptis

98 1101 144 1137 um
154 1082 246 1154 spoliis
254 1084 343 1156 ipsum
354 1091 387 1149 te,
399 1085 493 1150 Lause,
505 1093 641 1154 tropaeum
678 1125 686 1138 .
776 1097 815 1141 775

97 1174 132 1210 ae.
162 1158 243 1220 Dixit,
255 1158 461 1228 stridentemque
471 1159 575 1212 eminus
584 1157 687 1212 hastam

97 1238 117 1291 t.
140 1229 185 1286 illa
195 1231 377 1303 volansclipec
387 1238 427 1286 est
436 1248 555 1294 excussa,
564 1231 711 1304 proculque

97 1306 157 1371 gium
168 1305 282 1361 Antoren
293 1306 361 1360 latus
371 1305 438 1360 inter
450 1312 475 1359 et
484 1303 530 1359 ilia
540 1304 610 1376 figit3

97 1378 141 1433 riis
150 1379 265 1434 Antoren
275 1381 406 1442 comitem,
420 1379 467 1450 qui
476 1378 575 1432 missus
584 1378 619 1432 eb
628 1377 707 1450 Argis

97 1460 138 1507 rat
147 1452 279 1517 Evandro,
291 1461 369 1524 atque
379 1452 441 1508 ltela
449 1451 600 1507 consederat
610 1451 684 1506 urbe.
778 1463 817 1506 7877

98 1528 152 1582 itur
161 1526 254 1583 infelix
264 1527 349 1582 aliene
359 1525 475 1592 vulnere,
487 1526 643 1597 coelumque

97 1602 141 1664 cit,
154 1609 178 1655 et
188 1601 278 1656 dulces
288 1601 403 1656 moriens
413 1600 590 1655 reminiscitur
601 1599 696 1672 Argos.

100 1676 162 1746 pius
172 1674 273 1730 Aeneas
283 1676 384 1731 hastam
395 1675 468 1730 iecit:
490 1673 535 1728 illa
544 1690 590 1745 per
598 1674 689 1729 orbem

97 1767 184 1804 aevum
194 1748 298 1820 tripiici,
310 1767 356 1820 per
365 1748 434 1804 linea
441 1757 521 1821 terga,
533 1749 672 1820 tribusque

97 1824 126 1877 iit
137 1824 268 1878 intertum
276 1824 359 1877 tauris
367 1840 443 1894 opus,
456 1824 563 1894 imaque
571 1822 639 1877 sedit
706 1847 709 1852 ·
779 1832 818 1875 785

99 1915 146 1965 ne;
167 1897 215 1952 sed
229 1899 297 1952 vires
306 1896 505 1968 haudpertulit.
535 1896 616 1952 Ocius
625 1911 716 1953 ensem

97 1990 132 2036 as,
145 1972 203 2026 viso
213 1972 342 2045 Tyrrheni
350 1971 580 2044 sanguinelaetus.

98 2062 122 2098 a
133 2044 239 2110 semine,
252 2054 276 2100 et
287 2045 424 2116 trepidanti
433 2045 551 2100 fervidus
558 2047 644 2099 instat.

97 2120 156 2173 nuit
165 2120 218 2174 cari
227 2120 342 2192 graviter
350 2119 475 2192 genituris
484 2134 581 2182 umore,

98 2195 139 2257 iit,
157 2195 273 2259 Lausus;
286 2193 459 2264 lacrimaeque
468 2209 514 2262 per
522 2207 567 2246 ora
577 2189 687 2245 volutae.
780 2199 819 2242 tao

98 2269 176 2323 nortis
188 2267 270 2322 durae
279 2284 379 2332 casum,
391 2274 490 2336 tuaque
498 2266 597 2336 optima
607 2262 680 2324 facta,

98 2360 110 2397 a
122 2342 200 2396 fidem
212 2349 283 2397 tanto
292 2350 331 2396 est
339 2341 409 2412 operi
420 2340 502 2396 latura
512 2345 637 2402 vetustas,

98 2417 222 2488 equidem,
237 2433 284 2470 nec
292 2424 325 2480 te,
337 2416 440 2470 iuvenis
451 2413 628 2476 memorande,
639 2409 730 2467 silebo.

98 2491 174 2545 edem
185 2489 307 2555 referens,
319 2497 344 2544 et
353 2489 464 2552 inutilis,
476 2488 557 2558 inque
567 2487 664 2560 ligatus

98 2573 141 2630 iat,
153 2563 290 2635 clipeoque
298 2564 437 2618 inimicum
447 2561 541 2617 hastile
552 2560 681 2616 trahebat
783 2566 821 2610 775

98 2640 150 2713 ipit
161 2639 275 2707 iuvenis,
286 2655 397 2712 seseque
406 2636 552 2694 immiscuit
560 2633 659 2704 umisa
