1846 3052
133 148 165 201 32
296 151 326 197 Ρ.
347 150 517 198 VIRGILII
534 150 707 197 llARONIS

78 265 102 307 55
131 251 232 308 arborei
240 250 309 306 letus
318 250 382 306 alibi
392 258 471 323 atque
480 252 582 306 iniussa
595 251 727 306 virescunt

131 328 261 401 gramina.
282 328 375 381 Nonne
384 326 467 390 vides,
483 342 584 382 croceos
595 334 624 380 ut
634 325 742 381 Tmolus
752 326 861 393 odores,

131 402 206 457 India
216 401 296 456 mittit
304 402 379 465 ebur,
392 399 485 456 molles
495 419 545 456 sua
556 408 615 455 tura
623 400 734 456 Sabaei?

132 485 158 532 at
167 474 298 550 Chalybes
308 476 374 531 nudi
383 475 493 540 ferrum,
507 477 647 547 virosaque
656 477 756 531 Pontus

131 559 255 613 castorea.
267 551 392 606 Eliadum
401 550 503 623 palmas
512 551 607 621 Epiros
617 550 768 623 equarum?

79 638 104 681 tn
133 626 264 682 Continuo
272 627 321 680 has
331 625 401 700 leges
412 633 568 698 aeternaque
577 625 678 681 foedera
688 626 765 681 certis

132 702 259 773 imposuit
268 703 367 756 Natura
378 700 450 765 locis3
462 718 516 772 qno
528 709 642 772 tempora
650 702 770 772 primum

132 776 272 832 Deucalion
281 793 396 830 vacuum
407 774 506 847 lapides
517 776 622 831 iactavit
632 777 660 830 in
669 776 775 831 orbem:

132 851 205 906 unde
213 850 334 906 homines
345 850 408 914 nati,
420 850 520 905 durum
529 868 624 924 genus.
644 851 715 924 Ergo
725 869 783 924 age,
796 859 866 908 terra

132 926 232 999 pingue
241 924 329 980 solum
339 925 433 996 primis
443 925 576 996 extemplo
585 943 600 980 a
610 926 749 981 mensibus
758 927 824 982 anni

79 1011 104 1055 65
132 1000 210 1055 fortes
221 1000 352 1055 invertant
361 1001 439 1064 tauri,
450 1000 595 1073 glebasque
604 1001 715 1056 iacentes

133 1073 316 1148 pulverulenta
325 1082 420 1146 coquat
429 1076 541 1129 maturis
549 1073 651 1130 solibus
662 1083 757 1132 aestas.

132 1151 167 1206 At
175 1149 198 1204 si
208 1166 262 1205 non
270 1148 349 1204 luerit
358 1149 437 1204 tellus
449 1148 569 1215 fecunda,
581 1151 633 1205 sub
645 1151 735 1222 ipsum

133 1225 275 1281 Arcturum
284 1225 356 1280 tenni
366 1232 406 1279 sat
414 1223 462 1279 erit
473 1225 635 1296 suspendere
644 1224 727 1280 sulen:

133 1300 198 1366 illic,
210 1299 325 1356 officiant
334 1299 408 1355 laetis
417 1316 451 1355 ne
459 1297 583 1373 frugibus
593 1300 702 1368 herbae3

79 1386 105 1428 ru
133 1375 186 1439 hic,
198 1375 312 1430 sterilem
321 1376 436 1450 exiguus
446 1392 480 1430 ne
488 1375 590 1430 deserat
598 1374 695 1430 humor
706 1393 824 1430 arenam.

171 1448 286 1505 Alternis
297 1450 366 1506 idem
376 1458 465 1506 tensas
474 1467 575 1505 cessare
585 1449 700 1515 novales,

134 1532 159 1579 et
167 1541 276 1596 segnem
285 1526 382 1596 patiere
391 1526 445 1580 situ
453 1524 590 1580 durescere
598 1541 737 1596 eampum.

134 1607 180 1653 nut
189 1599 226 1652 ibi
236 1597 302 1655 flava
312 1617 391 1663 seres,
403 1607 504 1653 mutato
515 1599 609 1664 sidere,
621 1597 698 1663 farra,

134 1671 206 1729 unde
215 1673 289 1744 prius
299 1672 397 1728 laetum
407 1672 505 1744 siliqua
514 1681 657 1744 quassante
669 1674 803 1748 legumen,

80 1759 105 1802 75
134 1755 180 1803 aut
188 1748 276 1803 tenuis
285 1745 353 1802 letus
362 1748 446 1804 viciae
455 1747 591 1820 tristisque
599 1748 686 1819 lupini

134 1821 274 1878 sustuleris
284 1821 390 1896 fragiles
399 1822 514 1878 emamus
525 1822 675 1895 silvamque
684 1832 834 1878 sonantem.

134 1897 192 1954 Urit
199 1897 270 1952 enim
280 1896 328 1952 lini
338 1915 462 1970 eampum
473 1915 557 1972 seges,
568 1898 623 1953 urit
632 1915 742 1967 avenae3

134 1981 217 2028 urunt
225 1972 337 2028 Lethaeo
346 1972 451 2044 perfusa
462 1990 591 2044 papavera
600 1989 704 2028 somno.

134 2046 186 2102 Sed
196 2055 283 2103 tamen
293 2047 400 2103 alternis
410 2047 494 2102 facilis
504 2047 590 2104 labor:
612 2047 798 2102 aridatantnm

81 2132 106 2175 80
134 2140 168 2178 ne
176 2130 293 2179 saturare
305 2122 368 2178 limo
377 2122 471 2197 pingui
482 2123 578 2194 pudeat
588 2123 653 2188 sola,
665 2139 731 2176 neve

134 2197 221 2252 effetos
231 2198 345 2252 cinerem
356 2197 527 2253 immundum
539 2199 633 2252 iactare
643 2215 690 2268 per
698 2214 786 2270 agros.

134 2271 178 2327 Sic
186 2289 293 2344 quoque
302 2274 409 2328 mutatis
419 2274 587 2344 requiescunt
597 2271 694 2326 fetibus
704 2290 778 2326 arva.

134 2348 188 2401 Neo
198 2347 272 2401 nulla
281 2347 379 2402 interea
389 2356 428 2402 est
438 2349 552 2402 inaratae
561 2351 646 2422 gratia
655 2356 747 2402 terrae.

134 2421 216 2493 Saepe
225 2422 304 2475 etiam
314 2421 415 2477 steriles
425 2422 564 2477 incendere
573 2421 671 2494 profuit
680 2440 767 2495 agree,

82 2507 106 2549 85
135 2504 214 2569 atque
223 2495 308 2552 levem
317 2496 443 2568 stipulam
453 2496 642 2568 crepitantibus
651 2515 727 2552 urere
738 2497 866 2554 flammis:

134 2572 192 2628 sive
202 2571 263 2626 inde
271 2570 385 2627 occultas
396 2571 465 2627 vires
475 2580 500 2626 et
509 2571 607 2643 pabula
617 2580 699 2626 terrae

118 2647 422 2726 pinguiaconcipiunt3
441 2646 704 2720 siusillisnmnener
715 2649 805 2720 ignem
