1846 3052
222 143 255 194 51
387 148 417 192 Ρ.
439 145 462 189 V
468 143 612 190 IRGILII
629 140 802 186 MARONIS

223 245 376 318 adplenum
386 243 531 299 calcentur:
552 259 622 315 aqua
631 239 787 296 eluctabitur
796 240 869 297 5111111

168 329 208 376 255
222 320 328 384 scilicet,
340 317 489 392 etgrandes
499 317 577 372 ibunt
586 333 633 389 per
642 316 744 370 vimina
753 321 855 388 guttam

224 402 250 450 at
260 411 337 466 sapor
346 394 476 449 indicium
489 391 564 448 faciet
574 389 737 453 manifestus,
748 395 774 444 et
782 405 827 444 ora

223 469 307 524 tristia
317 472 465 525 tentantum
475 484 556 522 sensu
566 465 698 539 torquebit
707 481 820 522 amaror.

223 543 334 616 Pinguis
346 543 408 598 item
418 559 488 615 quae
499 544 535 596 sit
543 541 631 605 tellus,
646 540 695 593 boc
706 538 821 611 denique
830 555 869 611 pat

223 619 366 673 discimus:
387 617 460 672 haud
470 633 590 689 unquam
600 614 726 669 manibus
736 614 827 667 iactata
838 612 869 667 lat

169 704 209 747 255
224 693 270 748 sed
280 693 347 765 picis
358 693 495 747 inmotam
506 691 538 746 ad
550 690 645 763 digitos
655 688 774 743 lentescit
782 688 869 744 haben

224 768 340 823 Humida
350 767 461 823 maiores
471 764 566 820 herbas
576 764 631 829 alit,
644 765 755 835 ipsaque
765 762 834 818 iusto

225 842 325 898 laetior.
346 841 387 896 Ab
398 842 514 896 nimium
524 856 557 895 ne
566 841 601 893 sit
611 838 678 895 mihi
687 837 779 893 fertilis
789 836 844 903 1115,

225 934 278 972 11511
289 934 317 971 sc
325 915 504 988 praevalidam
514 913 609 986 primis
618 912 737 969 ostendat
747 912 849 967 aristis!

225 990 300 1058 Quae
307 991 398 1064 gravis
408 998 457 1057 est,
470 989 526 1062 ipso
536 989 641 1044 tacitam
650 1006 679 1043 se
687 986 802 1059 pondere
811 986 869 1059 proi

171 1077 210 1120 255
224 1083 346 1140 quaeque
355 1063 590 1142 levis.lemtum
603 1070 642 1120 est
656 1062 740 1119 oculis
754 1062 869 1133 praedisr

665 1156 692 1194 nr
726 1154 779 1202 am,

226 1223 252 1270 et
280 1215 374 1271 uiscui
384 1212 469 1270 color:
489 1220 516 1268 at
528 1211 683 1268 sceleratum
693 1155 831 1285 egiquirere
842 1210 869 1265 lr:

226 1233 334 1346 5111115115
342 1296 394 1346 est:
415 1289 503 1362 piceae
511 1295 623 1353 tuntum,
639 1286 749 1360 taxique
757 1293 869 1342 nocente:

227 1365 371 1430 interdum,
381 1372 426 1420 5115
435 1364 527 1420 ederae
535 1362 656 1436 pandunt
666 1361 776 1435 vestigia
786 1362 869 1433 nigrat

266 1441 313 1494 llis
323 1439 524 1505 animadversis,
535 1447 630 1494 terram
641 1437 726 1492 multo
735 1443 794 1491 ante
803 1453 869 1490 men

173 1523 213 1567 255
228 1530 381 1586 excoquere,
394 1520 419 1567 et
429 1530 539 1585 magnos
549 1513 686 1568 scrobibus
697 1510 831 1566 concidere
840 1529 868 1566 m

228 1595 288 1643 anto
296 1588 432 1658 supinatas
441 1586 568 1658 Aquiloni
579 1587 714 1641 ostendere
721 1585 823 1658 glebas,

228 1679 310 1733 quam
321 1661 418 1715 laetum
428 1658 541 1715 infodias
550 1660 612 1715 vitis
621 1677 714 1732 genus.
736 1659 869 1732 Optimap

228 1733 370 1791 arvasolo:
391 1733 419 1789 id
429 1734 500 1791 venti
509 1741 610 1798 curant,
622 1733 777 1808 gelidaeque
786 1736 866 1804 pruin

229 1817 254 1865 et
264 1807 389 1873 labefacta
398 1825 507 1865 movens
518 1809 642 1864 robustus
653 1809 743 1882 iugera
753 1807 847 1864 lossor.

175 1895 214 1938 255
229 1884 271 1949 At,
283 1884 306 1938 ei
317 1900 385 1956 quos
393 1882 531 1949 baudulla
541 1884 612 1939 viros
620 1883 758 1956 vigilantia
766 1882 844 1957 fugit,

230 1965 288 2014 ante
299 1957 384 2015 locum
395 1958 510 2014 similem
521 1958 674 2032 exquirunt,
685 1959 732 2013 ubi
742 1958 828 2030 prima
839 1977 869 2030 pa

230 2033 368 2099 arboribus
377 2051 462 2108 seges,
474 2041 500 2088 55
509 2051 564 2106 quo
573 2051 634 2089 mox
646 2033 746 2106 digesta
756 2032 867 2102 feretum

230 2117 357 2163 mutatam
369 2109 489 2183 ignorent
497 2108 586 2164 subito
595 2127 628 2165 ne
639 2108 741 2163 semina
750 2115 869 2163 matrem⁴

230 2181 301 2248 Quin
311 2183 388 2237 5515111
399 2182 462 2247 coeli
473 2183 605 2258 regionem
615 2183 643 2238 in
653 2182 746 2238 cortice
755 2183 862 2256 signant

176 2267 215 2310 255
230 2265 268 2320 115,
282 2273 336 2327 quo
345 2274 466 2328 quaeque
476 2258 554 2313 morlo
563 2258 669 2323 steterit,
683 2275 737 2328 qua
746 2264 818 2328 parte
826 2256 869 2313 cal

230 2331 362 2384 austrinos
373 2331 469 2397 tulerit,
481 2349 550 2403 quac
560 2339 631 2405 tergo
639 2332 779 2387 obverterit
789 2332 842 2397 5111,

231 2403 380 2463 restituant.
399 2405 471 2461 Adeo
481 2406 508 2461 111
518 2408 614 2461 teneris
623 2423 792 2461 consuescere
802 2405 869 2461 mult

232 2478 352 2535 Collibus
360 2496 394 2534 511
403 2478 483 2552 plano
492 2480 587 2535 melius
598 2481 632 2534 sit
641 2497 738 2552 ponere
748 2481 838 2544 vitem,

232 2570 329 2684 3115515
338 2553 421 2625 prius.
440 2554 468 2610 Si
478 2554 587 2628 pinguis
598 2572 673 2628 agros
684 2555 813 2610 metabere
823 2572 869 2610 can

79 2564 136 2863 ἱ
178 2635 217 2684 255
251 2645 313 2685 ensa
322 2645 392 2699 sere3
413 2628 442 2686 in
452 2628 534 2686 denso
542 2647 596 2686 non
605 2630 711 2704 segnior
720 2630 801 2686 ubere
809 2632 869 2687 Bact
