1846 3052
149 134 199 192 270
315 141 346 189 1².
365 138 726 188 nasammonas

94 252 134 294 rte
148 241 196 312 qui
205 239 335 315 Thybrim
345 239 522 310 Fabarimque
530 238 713 312 bibunt.quns
719 237 896 314 frigidamiait

149 315 256 380 Nursia,
267 322 293 369 et
302 315 425 370 Hortinae
433 312 539 378 classes,
551 310 698 385 populique
705 314 805 381 Latini,

148 405 269 461 quosque
278 405 370 444 seeans
379 387 525 445 infaustum
537 386 656 443 interluit
662 386 733 444 Allia
742 406 858 448 nomena

148 480 231 535 quam
241 463 319 518 multi
328 461 839 537 Libyeovolvumurmarmerefluema,

149 554 244 593 saevus
254 536 301 593 ubi
313 536 394 594 Orion
402 537 522 593 hibernie
531 535 653 593 eonditur
660 537 758 606 undie;

94 621 134 665 720
148 611 190 667 vel
200 629 285 684 quum
296 611 352 668 sole
359 627 428 669 novo
437 610 534 667 densae
542 618 673 669 torrentru
680 613 788 678 ariane,

149 694 196 742 aut
203 686 292 742 Hermi
302 702 403 758 eampo,
414 692 461 741 aut
470 684 565 760 Lyciae
575 684 736 741 flaventibus
745 687 829 744 mis.

149 761 227 816 Scuta
244 768 346 826 sonant,
362 760 497 833 pulsuque
505 759 604 832 pedum
613 761 703 815 tremit
711 761 797 817 exeita
807 761 893 818 tellus.

187 836 253 889 Hine
261 834 497 908 Agamemnonius,
507 833 612 889 Troiani
622 834 741 891 nominis
750 834 846 902 hostis,

149 925 228 963 curru
239 910 327 982 iungit
334 908 446 964 Halesus
456 926 548 980 equos,
559 910 703 980 Turnoque
711 907 811 966 iwooes

94 992 133 1036 725
148 982 429 1054 millerapitpopulos,
451 981 759 1039 vertuntielioiaBaoeho

147 1057 258 1113 Massiea
268 1058 316 1130 qui
325 1057 425 1122 rastris,
437 1066 464 1113 et
471 1074 539 1129 quos
548 1057 582 1113 de
590 1056 704 1113 collibus
713 1057 774 1114 altis

147 1132 367 1188 Auruneimisera
375 1139 471 1203 patres,
482 1131 651 1203 Sidicinaque
661 1133 736 1187 iuxta

149 1223 271 1278 aequora,
284 1207 386 1280 quique
395 1206 471 1264 Cales
480 1205 615 1278 linquunt,
630 1206 775 1278 amnisque
783 1207 872 1263 vadosi

148 1280 233 1336 aecola
242 1281 380 1344 Vulturni,
395 1282 545 1353 pariterque
552 1280 685 1336 satiemus
697 1297 787 1352 asper,

93 1363 133 1408 tao
148 1354 331 1428 Oscorumque
339 1372 447 1412 manus.
474 1357 576 1411 Teretes
585 1361 650 1411 sunt
657 1354 756 1410 aclides
765 1355 821 1411 illis

147 1429 212 1497 tala3
233 1430 281 1485 sed
289 1431 354 1485 haee
362 1430 433 1486 lento
441 1446 499 1484 mos
510 1437 551 1485 eet
561 1437 649 1500 aptare
658 1428 773 1503 llagello.

147 1504 247 1559 Laevas
256 1511 341 1560 caetra
348 1505 426 1578 tegit3
438 1504 524 1559 falcati
533 1503 683 1559 oomminus
692 1520 780 1559 enses.

185 1576 238 1632 Nee
246 1585 275 1632 tu
284 1578 447 1634 carminibus
455 1577 552 1633 nostris
561 1577 675 1632 indictus
685 1577 784 1642 abibis,

147 1649 345 1721 0ebale,quem
354 1668 493 1724 generasse
502 1649 583 1706 Telon
592 1650 733 1709 Sebethide
743 1652 860 1726 nympha

93 1734 133 1778 aaa
147 1723 237 1789 fertur¹
250 1724 392 1780 Teleboum
401 1726 514 1797 Capreas
522 1742 608 1797 quum
617 1733 818 1799 regnateueret,
922 1732 923 1739 ’

147 1799 201 1854 iam
210 1799 309 1865 eonion
331 1799 422 1870 patriis
434 1800 544 1854 sednon
553 1807 579 1855 et
587 1799 660 1855 filius
669 1800 741 1855 arvis

146 1879 292 1939 mutemus,
304 1872 355 1928 late
364 1874 417 1927 iam
426 1880 484 1929 tum
493 1873 593 1929 ditione
600 1873 736 1946 premebat

147 1947 277 2003 Sarrastes
286 1946 406 2019 populos,
419 1955 444 2002 et
453 1965 522 2020 quae
531 1949 599 2022 rigat
607 1964 722 2020 aequora
730 1947 840 2014 Sarnus,
922 1980 923 2036 t

148 2021 249 2095 quique
268 2021 364 2077 Rufras
381 2022 560 2095 Batulumque
572 2029 661 2150 tenaqt
672 2028 754 2094 atque
766 2041 830 2081 arra
842 2022 882 2079 Ca
922 2045 923 2099 q

648 2114 742 2163 ennae,

92 2173 133 2222 tto
147 2176 172 2223 et
181 2185 250 2240 quos
258 2169 392 2226 maliferae
400 2171 549 2242 despectant
557 2171 660 2227 moenia
669 2170 792 2229 Abellae:

147 2242 349 2302 Teutonieoritu
358 2245 429 2300 soliti
437 2253 559 2317 torquere
567 2246 676 2301 cateias:

147 2316 263 2388 tegmina
273 2320 335 2390 quis
345 2321 460 2391 capitum
472 2327 563 2391 raptus
572 2320 606 2375 de
613 2320 708 2376 subere
715 2327 815 2388 uertex,

148 2397 299 2462 aerataeque
308 2393 407 2449 micant
416 2393 508 2465 peltae,
521 2395 601 2449 micat
612 2411 704 2450 aereus
712 2396 795 2451 ensis.

184 2464 395 2522 Ettemontosae
404 2469 499 2524 misere
508 2468 537 2523 in
546 2468 644 2539 proelia
652 2470 760 2534 Nersae,

93 2543 134 2590 tta
149 2536 238 2602 Ufens,
248 2539 381 2612 insignem
390 2541 492 2598 lamaet
501 2541 622 2598 felicibus
632 2543 727 2598 armis:

141 2612 253 2674 horrida
261 2615 406 2693 praecipua
414 2617 460 2674 oui
468 2634 545 2693 gens,
553 2624 709 2690 assuetaque
718 2617 807 2674 multo
