1846 3052
313 110 364 166 424
477 116 503 160 P.
524 115 695 160 VIRGILII
716 115 893 161 MARONIS

313 215 438 272 infamem
449 213 494 268 tali
503 215 596 269 meritc
609 231 715 269 rumore
722 213 816 280 luisse,

313 291 387 346 docta
397 288 563 360 Palaephatia
571 296 680 343 testatur
689 307 754 344 voce
763 306 891 364 papyrus

313 363 450 436 Quidquid
473 371 498 417 et
506 363 660 436 utquisque
669 371 708 418 est
717 364 764 418 tali
776 365 809 419 de
818 362 923 420 cladel

66 416 88 469 [³²
161 474 164 479 ·
258 451 285 495 eo
313 457 402 494 omnm
412 438 479 493 smt
500 439 588 509 potrus
599 438 674 493 liceat
685 446 818 494 notescere
827 440 918 507 Cum,

313 521 392 585 atque
404 530 486 567 unam
495 529 530 568 ex
539 513 631 567 multis
642 512 758 586 Scyllam
768 530 822 569 non
834 531 921 585 essep

313 588 407 656 Quare,
422 600 499 659 quae,
509 595 602 643 cantus
611 587 748 642 meditanti
757 590 860 644 mittere
871 605 901 644 ce
921 601 923 633 t

312 679 409 734 magna
419 661 486 717 mrlu
496 662 593 733 cupido
602 662 732 717 tribuistis
740 681 869 735 praemia
881 665 913 718 Di

312 735 441 792 Pierides:
463 737 869 811 quarumoastosaltariapostes

258 822 285 866 95
312 827 422 866 munera
431 827 508 882 saepe
520 828 579 866 meo
587 812 717 878 inficiunt,
729 812 915 884 foribusqueh

314 885 450 958 deponunt
458 884 543 952 flores
555 894 602 940 aut
610 904 691 941 suave
701 887 911 942 rubensnarciss

315 968 361 1015 aut
369 977 461 1016 crocus
473 959 573 1015 alterna
581 962 745 1033 coniungens
755 961 810 1016 lilia
820 963 918 1031 caltha,

314 1052 458 1107 sparsaque
467 1034 605 1089 liminibus
615 1034 687 1090 tloret
697 1053 769 1090 rosa
791 1053 865 1090 nunc
874 1054 919 1110 ag

313 1127 453 1181 praecipue
463 1117 552 1164 nestro
562 1126 634 1165 nunc
642 1109 773 1180 adspirate
782 1109 881 1179 labori,

259 1195 298 1238 100
313 1191 392 1255 atquc
401 1201 501 1238 novum
511 1191 614 1240 aeterno
609 1185 764 1270 praetexite
773 1184 874 1240 honore
882 1203 919 1241 vo

350 1259 419 1313 Sunt
428 1258 614 1313 Pandioniis'
588 1259 689 1314 vicinae
701 1259 811 1313 sedibus
820 1261 913 1326 urbes,

312 1331 420 1387 Actaeos
430 1333 498 1387 inter
506 1332 584 1388 eolles
594 1341 619 1388 et
627 1332 737 1388 candida
747 1334 842 1389 Thesei

312 1407 453 1479 purpureis
463 1406 514 1462 late
523 1407 633 1463 ridentia
643 1407 717 1462 litora
727 1409 849 1464 conchis:

312 1499 428 1553 quarum
438 1499 491 1537 non
502 1481 550 1537 ulli
560 1481 630 1538 lama
640 1483 778 1538 concedere
789 1482 872 1556 digna

259 1567 298 1609 1⁰5
312 1563 363 1610 stat
372 1557 432 1628 Me
416 1574 487 1621 ‘¹‚ara
498 1557 586 1612 Actaei
596 1556 731 1629 quondam
741 1559 846 1613 munita
861 1558 918 1612 lau

313 1598 440 1694 Alcathoi,
453 1631 619 1704 Phoebique3
640 1633 922 1718 Deusnamqueadlui

314 1703 385 1759 unde
397 1704 484 1769 etiam,
497 1706 612 1760 citharae
620 1724 696 1761 voces
706 1708 824 1762 imitatus
836 1715 923 1762 acuta

314 1795 390 1850 saepe
400 1777 467 1848 lapis
477 1789 592 1850 recrepat
602 1780 720 1854 Cyllenia
731 1799 843 1836 munera
855 1783 920 1854 puls

314 1861 339 1908 et
349 1861 460 1908 veterem
470 1855 559 1907 sonitu
570 1856 669 1910 Phoebi
679 1863 787 1911 testatur
799 1857 900 1912 honore
908 1882 923 1908 ι.

261 1939 299 1982 tlt
314 1929 387 1983 Hanc
395 1928 497 1992 urbem
510 1936 568 1983 ante
577 1929 643 1984 ahos
653 1931 700 2001 qui
713 1937 771 1984 tum
781 1929 910 1986 florebati

313 2002 406 2057 iecerat
415 2001 536 2058 infestam
545 2004 684 2074 populator
691 2005 790 2078 remige
801 2007 905 2061 Minos:

313 2077 427 2148 hospitio
436 2077 507 2149 quod
515 2096 544 2132 se
554 2079 611 2132 Nrsr
621 2078 745 2152 Polyidos
753 2080 832 2145 avito

313 2151 485 2222 Carpathium
499 2151 603 2225 fugiens
612 2162 637 2207 et
645 2152 755 2208 llumina
766 2155 898 2220 Caeratea

314 2232 419 2280 texerat.
440 2227 516 2281 Hunc
525 2227 593 2281 bello
601 2235 719 2298 repetens
732 2229 880 2302 Gortynius
892 2231 923 2285 h:

260 2310 298 2354 115
313 2300 396 2356 Attica
407 2300 512 2355 Cretaea
521 2303 652 2356 sternebat
661 2320 722 2356 rura
733 2304 835 2376 sagitta.

314 2374 367 2430 Sed
375 2390 462 2446 neque
471 2382 534 2429 tunc
546 2377 626 2442 cives,
638 2394 725 2448 neque
735 2386 797 2432 tunc
809 2397 857 2432 rex
867 2379 922 2450 ips

313 2448 408 2505 infesto
417 2449 451 2504 ad
464 2467 555 2504 muros
565 2418 702 2506 volitantes
712 2454 818 2525 agmine
827 2461 919 2508 turma

315 2526 425 2597 ducere,
436 2534 462 2584 et
471 2525 706 2582 indomitarlrtute
713 2528 852 2581 remandare
860 2546 905 2583 me

314 2624 488 2688 responsum
498 2601 631 2678 quoniam
640 2597 709 2653 satis
716 2600 922 2649 estmerduixsse
