1846 3052
151 108 199 162 134
315 115 343 159 P.
363 113 533 159 VIRGILII
550 112 725 160 MARONIS

148 223 173 269 et
183 231 264 287 gener
271 211 401 267 auxilium
412 212 514 267 Priamo
523 210 749 286 Phrygibusquel

62 284 76 309 ·'
95 299 134 344 545
148 287 249 352 infelix,
260 287 308 359 qui
319 303 371 342 non
381 304 493 359 sponsae
501 294 636 359 praecepte
646 285 749 342 furenti

149 362 287 417 audierit*-

148 437 220 504 Quos
230 435 277 490 uhi
288 434 414 491 confertos
424 435 519 491 andere
529 439 556 491 in
567 433 741 508 proeliandi,

149 511 248 582 incipio
257 509 403 582 superbis:
423 511 543 575 iuvenes,
555 509 698 565 fortissime
708 509 749 566 iru

149 593 261 657 pectora,
274 585 297 639 si
306 585 382 640 vobis
391 585 530 640 audentem
541 594 657 640 extrema
664 584 749 656 cupid<

95 672 133 713 350
147 669 216 716 certa
224 659 300 732 sequi
311 658 388 732 (quae
397 659 432 714 sit
440 659 519 714 rebus
529 658 642 725 senuna,
654 659 749 715 videtis

148 751 282 790 excessere
290 751 391 797 omnes,
403 734 489 808 adytis
498 734 603 806 arisque
612 734 721 799 relictis,

149 810 186 874 dl,
198 809 298 880 quibus
308 808 450 880 imperium
458 808 633 877 hoosteterat3
655 825 749 863 succur

146 882 291 956 'incensne):
312 883 466 949 moriamur,
477 891 502 938 et
510 883 538 938 in
549 884 634 939 medie
644 901 717 938 arma
727 901 749 938 rr

149 959 206 1013 Une
215 957 287 1013 salus
297 957 374 1012 victis
383 957 485 1013 nullam
495 976 599 1030 sperare
607 957 730 1013 salutem.

95 1045 133 1087 555
148 1033 192 1088 Sic
200 1032 297 1088 animis
307 1032 434 1087 iuvenum
445 1031 517 1087 furor
528 1032 643 1087 additus.
663 1031 737 1098 inde,

148 1115 265 1180 raptores
275 1115 329 1162 ntra
339 1108 367 1162 in
377 1106 482 1172 nebula,
495 1125 562 1180 quos
572 1108 692 1180 improba
702 1119 749 1163 ven

149 1183 236 1256 exegit
246 1199 334 1237 caecos
343 1181 438 1246 rabies,
449 1182 582 1254 catulique
592 1180 675 1238 relicti

149 1257 271 1312 lancibus
281 1256 529 1328 exspectantsiccis3
549 1275 597 1328 per
605 1256 664 1322 tela,
677 1255 749 1328 perh

150 1333 274 1388 vadimus
282 1331 355 1387 haud
363 1331 472 1387 dubiem
482 1330 511 1386 in
520 1340 639 1398 mortem,
651 1331 749 1387 mediae

339 1454 341 1458 .
639 1413 749 1461 tenemu

96 1493 135 1536 555
150 1482 225 1537 urbis
235 1483 295 1548 iter3
318 1499 370 1537 nox
379 1490 434 1536 atra
446 1481 690 1536 cnva'oircnmvolet
700 1499 746 1535 um

150 1556 216 1623 Quis
225 1555 326 1610 cladem
336 1555 408 1610 illius
418 1557 509 1620 noctis,
520 1557 582 1627 quis
591 1555 682 1610 funera
693 1554 749 1609 lanc¹

76 1654 78 1658 ⁴
150 1629 270 1702 explicet,
283 1637 328 1684 aut
336 1633 419 1700 possit
429 1631 544 1685 lacrimis
555 1647 666 1702 aequare
677 1630 750 1692 labor

150 1705 219 1760 Urbs
229 1704 338 1775 antiqua
348 1705 409 1765 ruit.
422 1704 519 1759 multos
528 1705 663 1774 dominata
670 1722 717 1776 per
726 1722 749 1759 ai

152 1779 266 1850 plurima
276 1795 376 1851 perque
387 1779 443 1833 vias
454 1788 607 1834 sternuntur
616 1780 709 1834 inertia
717 1796 749 1850 pa

97 1865 135 1908 555
150 1870 265 1924 corpora,
278 1870 377 1924 perque
386 1853 485 1917 domos,
498 1864 522 1908 ot
532 1854 662 1927 relligiosa
672 1852 749 1909 deoru

151 1928 253 1983 limina.
273 1928 327 1982 Nec
336 1928 385 1983 soli
395 1946 492 1999 poenas
503 1929 568 1990 dant
576 1929 705 2002 sangnine
716 1929 749 1984 Te

151 2002 286 2074 quondam
296 2003 375 2058 etiam
385 2004 462 2060 victis
472 2004 539 2058 redit
550 2004 577 2058 in
587 2003 737 2075 praecordia
747 2023 749 2028 ¹

151 2078 315 2149 victoresque
324 2079 421 2134 cadunt
431 2079 523 2134 Danai.
544 2077 665 2134 Crudelis
674 2076 749 2150 ubiqr

152 2153 247 2218 luctus,
259 2152 360 2225 ubique
369 2171 459 2226 pavor,
471 2161 496 2209 et
504 2153 619 2225 plurima
629 2153 722 2207 mortis
732 2153 749 2206 ir

98 2237 136 2279 tto
188 2228 295 2282 Primus
306 2247 344 2292 se,
354 2231 475 2284 Danaum
485 2246 581 2302 magna
594 2228 749 2288 comitanter

152 2302 304 2374 Androgeos
314 2303 398 2358 oblert
408 2304 493 2369 nobis,
506 2305 576 2358 socia
586 2303 692 2376 agmina
702 2319 749 2356 cre

152 2376 266 2441 inscius;
288 2385 366 2448 etque
376 2377 444 2433 ultro
455 2378 542 2433 verbis
552 2377 749 2449 compellatoml

152 2449 291 2514 Festinate‚
306 2452 365 2506 viri.
386 2454 749 2524 Namqunctamseramora

153 2523 296 2597 segnities?
313 2525 366 2581 Alii
377 2527 482 2598 rapiunt
492 2529 599 2583 incensa
608 2526 749 2599 feruntque

57 2634 62 2641 ,
95 2609 137 2652 ³75
151 2600 290 2677 Pergama
312 2601 749 2677 vosoelsisuuncprimumanau

7 2643 65 2737 ss
