1846 3052
178 169 211 223 70
287 211 288 215 ,
343 175 374 220 Ρ.
394 173 564 221 VIRGILII
580 174 755 220 MARONIS

216 274 267 331 Sed
277 291 330 329 non
341 272 395 328 ulla
405 273 492 346 magis
501 273 570 328 vires
581 272 710 328 industria
721 272 819 339 firmat,

123 361 163 405 21⁰
178 367 259 422 qnam
270 349 396 403 Venerem
407 355 432 402 et
440 349 508 402 caeni
519 348 641 402 stimulos
650 348 887 476 avertffimoris,

178 425 235 480 sive
244 423 326 478 boum
336 423 393 495 siue
402 431 441 477 est
449 423 492 476 cul
502 423 600 495 gratior
609 439 718 493 ususeq
789 439 828 477 m.

178 499 264 570 Atque
274 497 332 551 ideo
344 505 432 553 taums
441 497 531 568 procul
541 504 620 568 atque
630 497 657 551 in
667 496 722 550 sola
732 494 851 624 releffant

177 590 286 645 pascua,
298 579 481 643 postmortem
492 573 651 642 oppositum,
665 578 690 699 rit
699 579 772 625 trans
802 571 896 626 umine

682 653 732 710 ata,

179 730 225 777 aut
233 721 306 776 intus
315 719 419 775 clausos
429 727 516 775 satura
527 719 559 773 ad
570 721 703 791 praesepia
713 726 830 774 servant.

125 808 164 851 215
179 796 268 868 Carpit
280 796 350 850 enim
361 796 431 851 vires
440 793 578 866 paullatim
587 795 694 865 uritque
703 794 820 850 videndo

179 870 291 940 femina3
312 886 361 927 nec
374 886 514 924 nemorum
527 870 626 940 patitur
641 869 804 934 meminisse,
820 884 870 924 nec

571 977 575 985 ι
672 943 804 998 herbae..

179 1018 307 1073 Dulcibus
318 1017 362 1073 illa
371 1017 480 1091 quidem
491 1016 621 1073 illecebris
631 1025 656 1071 et
664 1035 743 1089 saepe
751 1016 881 1089 superbus

179 1093 304 1148 cornibus
314 1092 380 1148 inter
389 1110 417 1147 se
429 1093 530 1166 subigit
539 1092 676 1147 decernere
687 1099 813 1147 amentes.

180 1168 298 1223 Pascitur
307 1168 335 1222 in
346 1184 442 1242 magna
451 1167 505 1222 Sila
515 1166 628 1222 formosa
638 1166 765 1222 iuvenca:

125 1253 165 1298 220
180 1242 219 1296 illi
229 1241 385 1298 alternantes
395 1241 479 1297 multa
489 1243 515 1296 vi
527 1239 622 1312 proelia
632 1241 744 1296 miscent

180 1317 458 1385 vulneribuscrebris3
480 1315 544 1371 lavit
552 1323 606 1371 ater
614 1333 721 1388 corpora
730 1317 854 1389 sanguis3

180 1410 311 1464 versaque
320 1394 348 1447 in
358 1393 470 1447 obnixos
480 1398 609 1463 urgentur
617 1407 715 1445 cornua
725 1399 800 1445 vasto

181 1467 366 1540 cumgemitu3
388 1467 495 1520 reboant
504 1465 639 1536 silvaeque
647 1472 671 1520 et
680 1464 917 1539 longusolympm.

181 1541 235 1597 Nec
244 1558 303 1595 mos
311 1540 438 1595 bellantes
448 1557 501 1594 una
512 1539 657 1595 stabulare:
679 1539 726 1595 sed
735 1539 798 1594 alter

126 1627 166 1669 225
181 1616 266 1669 rictus
276 1615 339 1679 abit,
355 1613 486 1686 longeque
495 1615 591 1686 ignotis
600 1613 704 1669 exsulat
713 1615 775 1678 oris,

181 1688 266 1743 multa
273 1705 382 1760 gemens
392 1688 566 1760 ignominiam
576 1689 721 1762 plagasque
730 1690 839 1760 superbi
879 1714 882 1718 ’

181 1763 296 1827 victoris,
309 1769 376 1826 tum,
388 1779 456 1833 quos
466 1764 555 1816 emisit
564 1763 674 1829 inultus,
686 1780 803 1832 amores3

181 1845 206 1891 et
215 1836 318 1891 stabula
328 1837 482 1908 adspectans
492 1839 580 1910 regnis
590 1839 702 1892 excessit
712 1838 800 1893 avitis.

181 1911 251 1985 Ergo
260 1911 334 1965 omni
343 1927 406 1965 cura
418 1911 488 1968 uires
497 1920 607 1977 exercet,
619 1920 644 1967 et
652 1914 721 1967 inter

127 1997 166 2040 23⁰
181 1986 247 2040 dura
258 1987 322 2040 iacet
331 1987 426 2057 pernix
436 1987 544 2041 instrato
554 2005 617 2042 sexa
626 1987 718 2051 cubili,

181 2060 321 2116 frondibus
331 2061 441 2116 hirsutis
450 2070 476 2116 et
484 2062 566 2117 carice
575 2069 666 2134 pastus
677 2068 765 2128 acuta3

181 2144 206 2189 et
216 2143 296 2189 tentat
304 2153 370 2200 sese,
383 2144 462 2208 atquc
471 2137 548 2192 irasci
558 2137 586 2192 in
597 2153 696 2191 cernua
706 2136 784 2190 discit

181 2211 282 2265 arboris
292 2210 407 2266 obnixus
417 2219 518 2277 trunco,
530 2219 675 2282 ventosque
685 2210 787 2265 lacessit

182 2284 288 2350 ictibus,
299 2292 324 2339 et
332 2303 424 2356 sparsa
434 2287 466 2341 ad
476 2303 594 2359 pugnam
604 2285 722 2357 proludit
731 2303 819 2339 arena.

127 2369 166 2414 235
181 2361 251 2424 Post,
264 2359 311 2414 ubi
320 2359 457 2415 collectum
469 2362 549 2415 robur
562 2362 685 2432 viresque
696 2359 813 2423 relectae,

182 2435 259 2506 signa
269 2443 364 2501 movet,
375 2452 552 2507 praecepsque
559 2435 672 2490 oblitum
682 2433 764 2489 fertur
773 2435 802 2489 in
812 2434 914 2490 bostem

182 2508 278 2563 ssuctus
289 2509 336 2574 uti,
349 2509 436 2564 medio
445 2511 528 2580 coepit
538 2527 622 2582 quum
634 2510 763 2564 albescere
771 2516 862 2581 ponto,

176 2583 296 2658 longius,
308 2601 342 2640 ex
352 2582 458 2657 altoque
465 2584 556 2638 sinum
566 2584 658 2639 trahit:
679 2590 762 2655 utque
772 2581 881 2641 volutus

164 2658 206 2713 ad
215 2669 311 2732 terras,
323 2661 448 2720 immane
457 2667 536 2719 sonat
544 2677 591 2737 per
600 2658 838 2729 ennumquam
