1846 3052
132 196 183 252 230
295 201 325 246 P.
345 196 516 246 VIRGILII
532 195 709 243 uanoms

133 301 186 358 Olli
196 301 235 356 sic
243 300 356 355 breviter
366 298 417 353 iata
430 304 469 352 est
478 296 606 370 longaeva
614 295 752 354 sacerdos:

132 376 247 432 Anchisa
256 381 387 448 generate,
398 374 478 428 deum
488 372 634 426 certissima
643 371 744 443 pmles,

132 450 222 524 Cocyti
232 458 325 524 stagna
334 447 386 504 alta
395 448 478 513 vides,
490 447 667 520 Stygiamque
720 445 807 515 udem,

132 525 160 579 dl
169 525 247 579 cuius
257 526 343 579 iurare
351 524 445 578 timent
453 530 478 576 et
486 521 575 576 fallere
585 538 698 576 numen.

78 609 118 654 325
132 599 305 665 llaeoomnis,
319 597 505 672 quamcernis,
514 597 592 669 inops
602 596 807 670 inhumataquet

626 679 680 740 333

133 748 242 818 portitor
254 747 426 814 illeCharon3
447 745 485 810 hi,
497 763 565 816 quos
575 745 649 800 vehit
658 745 743 811 unda,
754 764 807 818 sept

66 819 69 825 ’
133 824 188 877 Neo
196 822 267 893 ripas
277 821 355 876 datur
365 820 508 876 horrendas
518 829 543 874 et
552 837 631 875 rauca
639 819 741 875 fluenta

132 904 308 968 transportare
318 895 402 967 prius,
415 913 496 966 quam
507 895 617 950 sedibus
626 912 687 950 ossa
695 896 807 966 quierun

133 969 807 1041 Centumerrantanuos‚volitantquehaeolitoracir

78 1055 118 1098 333
133 1045 202 1100 Tum
212 1047 322 1100 demum
332 1045 442 1099 admissi
452 1053 544 1118 stagna
554 1051 676 1114 exoptata
685 1046 807 1102 revisunt

133 1120 254 1176 Constitit
266 1119 381 1175 Anchisa
392 1127 474 1185 satus,
486 1128 510 1173 et
520 1119 628 1192 vestigia
638 1121 746 1189 pressit,

132 1195 216 1250 multa
224 1202 331 1268 putans,
339 1201 490 1266 sortemque
500 1194 588 1248 animo
599 1194 742 1249 miseratus
751 1195 807 1266 iniq

132 1268 222 1325 Cernit
231 1270 267 1325 ibi
279 1278 392 1324 moestos
402 1276 426 1324 et
435 1269 527 1324 mortis
537 1268 635 1323 honore
644 1276 764 1325 carentes

132 1345 289 1416 Leucaspim
299 1352 323 1399 et
335 1344 430 1417 Lyciae
443 1343 577 1398 duetorem
587 1342 680 1398 classis
689 1343 807 1399 Orontea

78 1427 117 1471 335
132 1435 209 1490 quos,
225 1418 306 1474 simul
317 1438 332 1473 3
342 1420 419 1474 Troia
428 1425 536 1474 ventosa
546 1436 592 1490 per
602 1434 718 1490 aequora
727 1427 807 1474 vector

132 1494 220 1548 obruit
232 1494 337 1558 Auster,
352 1512 422 1565 aqua
434 1493 573 1549 involvens
583 1511 736 1564 navemque
746 1494 807 1550 virm

170 1569 237 1622 Ecce
247 1569 407 1641 gubernator
420 1585 476 1623 sese
486 1567 628 1623 Palinurus
637 1569 748 1640 agebat:

133 1642 180 1713 qui
193 1642 293 1716 Libyco
303 1660 388 1713 nuper
397 1660 487 1707 cursu,
504 1643 570 1697 dum
580 1643 666 1697 sidera
676 1652 774 1710 servat,

133 1716 262 1772 exciderat
272 1718 355 1788 puppi
367 1718 461 1772 mediis
470 1717 571 1772 eiiusus
582 1717 610 1772 in
620 1717 714 1772 undis.

78 1798 118 1845 343
133 1792 209 1846 Hunc
217 1791 264 1846 ubi
273 1791 320 1846 vix
333 1791 417 1846 multa
427 1800 557 1847 moestum
568 1792 731 1864 cognovitin
741 1793 807 1848 umb

133 1866 171 1920 sic
180 1866 251 1937 prior
260 1865 416 1937 alloquitur:
439 1865 504 1932 Quis
515 1874 547 1930 te,
560 1867 691 1932 Palinure,
703 1866 807 1922 deoruu

133 1940 230 2012 eripuit
239 1940 325 2006 nohis,
338 1941 478 2014 medioque
488 1943 540 1996 sub
549 1958 661 2013 aequore
670 1941 784 1997 mersit?

132 2016 179 2071 Dic
188 2033 245 2090 age.
275 2017 397 2088 Namque
410 2016 486 2083 mihi,
503 2015 584 2072 fallax
595 2016 668 2071 haud
678 2025 741 2071 ante
752 2035 807 2089 rep

132 2091 183 2146 hoc
191 2109 246 2146 uno
256 2109 380 2162 responso
389 2092 509 2146 animum
520 2091 617 2146 delusit
626 2090 731 2162 Apollo,

79 2172 118 2220 345
133 2166 181 2238 qui
191 2165 245 2221 inre
255 2173 279 2221 to
288 2174 367 2238 ponto
378 2166 547 2231 incolumem,
560 2167 680 2238 finesque
689 2167 803 2222 canebat

132 2248 276 2296 venturum
285 2242 425 2297 Ausonios.
454 2243 495 2296 En
505 2243 569 2296 haec
577 2243 709 2312 promissa
722 2242 807 2297 fides«

132 2314 291 2371 llleautem:
313 2319 405 2388 Neque
415 2323 440 2371 te
449 2317 547 2371 Phoebi
557 2317 656 2371 cortina
665 2315 767 2382 fefellit,

132 2390 189 2443 dux
199 2390 367 2456 Anchisiada,
379 2408 428 2446 nec
437 2410 480 2446 me
489 2392 554 2446 deus
563 2408 676 2462 aequore
685 2393 790 2447 mersit.

133 2465 255 2536 Namque
264 2465 465 2537 gubernaclum,
480 2467 564 2522 multa
573 2467 600 2522 vi
609 2465 674 2522 sorte
684 2466 807 2522 revulsur

79 2549 118 2591 353
133 2539 175 2593 cui
187 2537 264 2593 datus
274 2539 414 2594 haerebam
424 2548 521 2608 custos,
535 2558 685 2614 cursusque
694 2542 807 2615 regeban

127 2613 522 2691 praecipitaustraximeoumq
537 2616 722 2685 hiariaaspera
732 2617 802 2685 iuro,

49 2714 55 2728 ·
125 2712 182 2753 333
195 2692 290 2755 ullum
300 2711 350 2771 pro
360 2688 780 2758 metantumoepisssbmorm,
