1846 3052
272 111 467 159 AENEIDOS
486 113 558 160 LIB.
578 112 613 161 V.
764 110 814 165 203

65 209 176 276 emieat,
188 216 213 265 et
221 210 309 266 ventis
320 219 346 266 et
354 211 475 267 fulminis
488 213 557 268 ocior
566 213 623 269 alis.

66 284 210 340 Proximus
220 285 295 350 huic,
306 284 385 360 longo
394 286 441 342 sed
449 289 587 359 proximus
598 288 745 354 intervallo,
830 301 869 344 020

68 359 220 431 insequitur
228 359 329 425 Salius;
350 362 700 433 spetiopostdeinderelioto

10 450 12 455 ·
67 434 163 489 tertius
172 433 320 508 Euryalus,

68 506 824 584 EuryalumqueHelymussequitur:quodeindesubipso

10 642 15 649 ,
68 582 207 639 eooevolat
215 582 366 656 calcemque
374 584 433 638 terit
442 584 495 640 iam
505 583 573 639 calce
582 585 681 651 Diores,

24 702 37 713 .
69 658 229 713 incumbens
238 657 362 726 humero;
384 659 468 730 spatia
476 660 534 715 etsi
543 658 620 730 plura
629 661 771 731 supersint,
830 670 869 715 020

68 738 184 788 transeat
192 730 297 803 elapsus
306 732 389 804 prior,
401 734 591 809 ambiguumvo
600 733 741 807 relinquat.

67 808 181 879 lamque
188 804 241 861 fere
250 808 335 879 spatio
344 815 473 874 extremo,
485 807 613 880 fessique,
625 808 677 863 sub
687 809 772 880 ipsam

68 881 152 938 finem
162 880 352 937 adventabant:
373 881 425 937 levi
434 899 519 954 quum
529 883 660 957 sanguine
668 884 749 939 Nisus

67 953 286 1027 labiturinfelix3
307 956 389 1011 eaesis
398 964 428 1011 ut
436 957 501 1012 forts
510 957 628 1014 iuvencis

66 1029 149 1086 fusus
158 1030 274 1085 humum
285 1030 437 1104 viridesque
446 1049 527 1105 super
535 1031 813 1087 madefeeemtherbas.
830 1041 869 1086 300

65 1104 118 1161 llio
126 1105 231 1160 iuvenis
241 1105 294 1160 iam
304 1105 387 1161 victor
395 1123 478 1162 ovans
487 1107 597 1180 vestigia
606 1122 697 1178 presso

66 1179 144 1236 haud
152 1179 237 1235 tenuit
245 1180 354 1235 titubata
363 1180 432 1250 solo;
453 1180 609 1252 sedpronus
621 1181 716 1252 inipso

66 1253 184 1310 oonoidit
192 1254 385 1328 immundoque
395 1255 458 1311 fimo
469 1272 595 1326 sacroque
604 1271 704 1310 cruore.

10 1354 18 1371 =
67 1331 130 1386 Non
138 1336 226 1385 temen
236 1328 359 1404 Euryali,
371 1346 424 1386 non
435 1329 479 1385 ille
488 1329 586 1385 oblitus
595 1345 730 1397 amorum3

68 1404 333 1476 namseseopposuit
341 1404 411 1459 Salio
419 1422 467 1476 pen
476 1403 576 1460 lubrica
586 1421 710 1478 surgens;
830 1414 869 1459 305

69 1478 117 1534 ille
126 1479 309 1551 autemspissa
318 1477 397 1534 iacuit
406 1478 541 1535 revolutus
551 1496 638 1534 arena.

67 1554 173 1610 Emieet
180 1553 328 1628 Euryalus,
339 1560 364 1608 et
376 1571 486 1610 munere
495 1553 576 1610 victor
585 1552 663 1608 amici

67 1629 159 1701 prima
167 1635 251 1694 tenet,
265 1627 416 1702 plausuque
425 1628 495 1685 volat
504 1627 664 1700 fremituque
672 1627 798 1684 seeundo.

68 1704 133 1759 Post
141 1701 270 1778 Helymus
278 1703 364 1769 subit,
375 1710 400 1758 et
408 1721 481 1759 nune
489 1704 562 1759 tertia
573 1702 660 1775 palma
670 1703 769 1759 Diores.

68 1779 120 1834 Hie
129 1784 214 1833 totum
222 1794 315 1833 caveae
323 1794 476 1833 consessum
487 1779 615 1852 ingentis,
626 1785 652 1832 et
661 1794 706 1834 ora
829 1784 869 1831 300

68 1852 158 1925 prima
166 1858 287 1924 patrum,
299 1854 405 1926 magnis
413 1852 500 1908 Salius
509 1852 669 1907 elamoribus
680 1851 780 1924 implet,

68 1933 245 1999 ereptumque
253 1926 313 1982 dolo
323 1927 395 1982 reddi
402 1927 453 1982 sibi
463 1928 546 1999 poscit
556 1928 691 1982 honorem.
703 1926 706 1931 ’

69 2003 183 2057 Tutatur
191 1999 266 2057 favor
273 2001 436 2076 Euryalum,
447 2001 622 2073 lacrimaeque
630 1999 746 2065 deoorae,

67 2075 169 2152 gratior
178 2081 204 2132 et
212 2074 324 2149 pulchro
333 2076 442 2131 veniens
452 2076 480 2132 in
490 2091 596 2147 oorpore
605 2074 699 2128 virtus.

68 2150 201 2215 Adiuvat,
214 2157 240 2206 et
249 2167 346 2225 magne
354 2148 497 2222 proclamat
505 2165 569 2206 vooe
577 2148 676 2213 Diores,
830 2155 869 2202 300

67 2225 120 2299 qui
129 2224 213 2280 subiit
219 2223 336 2298 palmae,
350 2223 499 2295 frustraque
511 2223 545 2279 nd
554 2222 669 2294 praemia
677 2225 750 2280 venit

46 2318 52 2329 ’
67 2299 181 2365 ultima,
191 2300 214 2354 si
223 2299 304 2373 primi
313 2299 383 2355 Salio
396 2300 542 2354 redduntur
551 2297 674 2354 honores.

55 2375 143 2451 ,Tum
152 2380 225 2446 patu
233 2374 344 2440 Aeneas,
357 2375 461 2438 Vestra,
473 2373 571 2446 inquit,
583 2389 694 2428 munera
703 2371 779 2428 vobis

55 2455 141 2506 'certa
151 2455 268 2514 manent,
278 2449 364 2522 pueri,
372 2456 396 2504 et
405 2448 521 2521 palmam
530 2455 618 2503 movet
626 2447 814 2504 ordinenemo:

68 2541 116 2580 me
126 2523 201 2578 lioeat
209 2539 287 2578 oasus
296 2523 415 2579 miserari
425 2522 537 2578 insontis
548 2523 636 2577 amici.
831 2529 870 2574 050

66 2597 204 2664 Siefatus,
218 2598 321 2674 tergum
336 2596 440 2657 Gaetuli
449 2597 571 2659 immane
581 2596 670 2658 leonis
