1846 3052
365 157 501 204 CULEX.
754 157 804 210 409

58 259 197 332 agrestum
208 256 357 322 bonacura,
369 257 446 330 sequi
456 258 490 312 eit
499 273 562 312 eure
574 257 687 312 tenentis

58 335 151 388 aereos
161 348 297 386 nemorum
311 339 408 387 tractus
418 331 554 403 silvasque
563 332 687 387 virentes

58 408 100 462 Te
112 404 222 462 cultrioe
231 424 316 479 vagus
327 405 411 462 saltus
423 405 491 462 feror
503 407 571 461 inter
579 413 605 461 et
613 415 693 462 astra.

99 481 135 536 At
145 487 182 546 tu,
194 480 238 536 cui
248 482 348 536 meritis
358 482 441 536 oritur
450 481 547 537 fiducia
556 480 663 547 chartis,

59 554 156 612 Octavi
165 555 321 621 venerande,
332 556 398 610 meis
411 554 524 611 allabere
531 557 638 627 ooeptis,
833 566 859 611 25

59 636 154 685 mnata
163 645 243 700 puer:
264 630 312 684 tibi
322 647 438 702 namque
446 630 517 685 canit
526 646 578 684 non
589 629 802 702 pagiuabellum,

59 703 175 776 Phlegra
184 703 311 777 Giganteo
322 722 414 775 sparsa
423 710 462 759 est
472 720 525 775 quo
536 705 666 776 sanguine
676 704 766 774 tellus;

59 794 114 835 nec
121 777 280 833 Centaureos
288 779 413 851 Lapithas
424 777 556 849 compellit
565 778 593 832 in
602 795 679 833 enses
688 797 694 846 ;

60 852 117 909 urit
125 851 311 908 Erichthonius
320 853 414 908 Oriens
424 870 477 908 non
489 852 597 926 ignibus
606 870 693 920 aroes3

60 943 117 983 non
127 925 262 998 perfossus
271 928 363 993 Athos,
376 944 424 982 neo
433 944 531 1000 magno
539 926 646 983 vincula
656 929 737 982 Ponto

61 1002 141 1066 iacta,
153 1018 212 1056 meo
221 1009 347 1072 quaerent
356 1002 410 1056 iam
419 1019 476 1056 sera
488 1001 623 1058 volumine
632 1000 743 1057 lamam:

61 1091 118 1132 non
128 1073 312 1148 Hellespontus
322 1076 435 1147 pedibus
443 1075 566 1148 pulsatus
579 1092 719 1146 equorum,

62 1149 173 1206 Graecia
182 1166 245 1204 oum
254 1151 343 1206 timuit
352 1150 487 1206 venientes
497 1149 616 1220 undique
629 1151 735 1205 Persas:

62 1223 157 1280 mollia
166 1223 214 1283 aed
224 1225 296 1279 tenui
306 1241 456 1296 percurrere
464 1223 581 1278 earmina
589 1241 678 1289 versu,

62 1298 238 1371 viribusapta
247 1299 313 1363 suia,
324 1298 428 1354 Phoebo
440 1297 516 1363 duee,
528 1297 618 1352 ludere
627 1297 733 1371 gaudet.

62 1372 98 1429 Et
109 1380 150 1438 tu,
161 1380 249 1428 sancta
257 1390 333 1444 puer,
348 1371 514 1436 venerabilis,
528 1379 553 1427 et
562 1372 611 1426 tibi
619 1380 698 1427 oertet

62 1446 149 1521 gloria
158 1455 316 1519 perpetuum
326 1447 393 1502 lucis
405 1464 530 1503 mansura
541 1463 587 1517 per
597 1464 706 1513 aevum,

63 1529 89 1578 et
98 1521 148 1576 tibi
159 1521 221 1577 sede
233 1522 278 1593 pie
287 1529 391 1577 maneat
400 1520 482 1586 loeus,
495 1529 520 1577 et
528 1521 577 1576 tibi
586 1539 676 1592 sospes

63 1595 153 1652 debita
166 1594 253 1652 felices
263 1604 422 1652 memoretur
431 1597 485 1651 vita
497 1614 544 1667 per
553 1613 645 1660 annos,

64 1677 142 1746 grata
153 1670 231 1726 bonis
240 1670 342 1726 lucens.
376 1670 428 1726 Sed
437 1687 485 1726 nos
497 1671 531 1725 ad
540 1677 629 1741 coepta
639 1669 764 1725 feramur.

102 1747 202 1820 lgneus
210 1745 342 1801 aethereas
353 1746 406 1801 iam
416 1745 459 1800 Sol
469 1752 616 1816 penetrarat
625 1745 654 1799 in
663 1761 745 1810 arces,

65 1819 233 1892 candidaque
244 1828 335 1875 aurato
343 1820 477 1891 quatiebat
486 1819 588 1874 lumina
597 1837 692 1888 curru;

65 1894 221 1951 crinibuset
229 1895 311 1949 roseis
319 1895 440 1949 tenebras
450 1896 551 1950 Aurora
560 1893 677 1967 fugarat:

64 1968 185 2042 propulit
192 1976 223 2024 ut
232 1969 344 2024 stabulis
353 1969 387 2023 ad
396 1968 494 2040 pabula
504 1968 569 2023 laeta
578 1968 690 2040 capellas

67 2052 166 2116 pastor,
177 2051 203 2097 et
209 2042 306 2099 excelsi
319 2044 417 2098 montis
426 2043 489 2116 iuga
499 2059 604 2097 summa
613 2042 714 2113 petivit,
766 2098 771 2107 Ι

67 2117 155 2174 lurida
165 2134 217 2189 qua
227 2117 330 2188 patulos
340 2117 462 2173 velabant
471 2117 592 2190 gramina
600 2114 688 2170 eolles.

67 2193 124 2248 lam
135 2191 212 2247 silvis
221 2191 372 2264 dumisque,
383 2207 466 2264 vagae
478 2192 531 2245 iam
540 2189 657 2245 vallibus
666 2187 768 2245 abdunt

67 2283 191 2339 eorpora3
203 2267 312 2338 iamque
319 2266 393 2321 omni
402 2265 521 2321 oelerese
532 2271 603 2336 parte
614 2270 740 2336 vagantes

67 2358 180 2413 scrupea
190 2339 305 2396 desertae
314 2346 456 2412 perrepunt
466 2339 500 2394 ad
509 2356 572 2393 cava
581 2338 666 2409 rupis.

69 2415 224 2471 Tondentur
233 2425 321 2470 tenero
330 2414 469 2469 viridantia
477 2413 597 2486 gramina
607 2429 710 2478 morsu,

69 2488 187 2563 pendula
197 2490 318 2561 proiectis
328 2497 472 2561 carpuntur
481 2495 507 2543 et
515 2488 608 2542 arbuta
616 2487 707 2552 ramis,

71 2564 210 2636 densaque
216 2563 340 2638 virgultis
349 2563 426 2620 avide
435 2562 556 2618 labrusca
564 2569 699 2634 petuntur.

10 2638 34 2737 ’ᾗ
71 2640 141 2697 llaee
150 2655 280 2712 suspensa
289 2639 358 2712 rapit
366 2645 486 2713 carpente
494 2638 738 2697 oaouminamorsu
