1846 3052
147 137 197 191 238
309 143 340 188 Ρ.
360 141 533 190 VIRGILTI
550 140 723 189 uunoms

147 248 264 313 quantus
274 240 308 296 nd
321 241 466 296 aetherium
477 241 542 296 coeli
551 249 692 313 suspectus
700 241 867 318 Olympuml

92 327 131 369 550
146 318 193 370 llio
201 334 285 390 genus
296 317 436 387 antiquum
445 317 548 382 Terrae,
560 317 662 371 Titania
671 318 767 388 pubes,

146 389 258 445 fulmine
266 390 367 455 deiecti,
380 389 464 444 fundo
474 390 617 446 volvuntur
628 391 657 445 iu
667 392 736 449 imo:

147 464 191 519 hio
200 472 225 518 et
233 463 340 521 Aloidas
350 465 480 538 geminos,
495 465 623 520 immania
635 465 692 520 vidi

146 555 267 610 corpore:
287 540 336 610 qui
346 540 471 594 manibus
486 557 615 613 magnum
625 539 773 595 rescindere
781 540 878 597 eoelum

148 613 275 686 aggressi,
286 614 443 686 superisque
454 616 543 670 lovem
552 614 691 670 detrudere
700 616 801 689 regnis.

94 697 133 741 505
147 688 208 744 Vidi
217 695 243 742 et
253 687 371 743 crudeles
381 689 487 743 dantem
496 688 633 744 Salmonea
644 706 753 760 poenas,

149 763 213 817 dum
223 760 344 817 flammas
353 765 423 817 lovis
432 772 458 818 et
466 764 570 818 sonitus
581 763 699 818 imitatur
707 763 828 838 Olympi.

148 836 265 903 Quatuor
273 837 318 892 hio
327 837 446 893 invectus
455 839 540 910 equis,
552 846 579 893 et
587 836 709 910 lampade
722 856 861 910 quassans,

148 928 195 983 per
203 911 314 966 Graium
326 912 439 983 populos
447 913 603 985 mediaeque
611 930 658 984 per
666 912 753 967 Elidis
762 914 856 969 urbem

149 985 204 1040 ibat
212 1002 304 1052 ovans,
316 987 464 1058 divumque
474 988 525 1042 sibi
535 989 657 1060 posoebnt
665 987 804 1053 bonorem,

95 1071 135 1114 500
149 1060 267 1125 demens,
280 1062 328 1132 qui
338 1061 443 1117 nimbos
455 1070 481 1117 et
489 1080 542 1116 non
553 1062 681 1116 imitabile
689 1061 791 1117 fulmen

150 1151 208 1190 aere
216 1142 241 1190 et
252 1135 423 1207 oornipedum
433 1136 514 1208 pulsu
524 1136 660 1191 simularet
669 1153 811 1208 equorum.

150 1210 184 1264 Ar
194 1217 267 1281 pater
275 1210 441 1283 omnipotens
451 1211 532 1266 densa
542 1211 611 1266 inter
620 1211 713 1265 nubila
722 1210 807 1267 telum

150 1285 288 1354 contorsit;
309 1302 362 1340 non
373 1285 418 1339 ille
430 1285 507 1351 faoes,
519 1302 567 1340 neo
576 1285 665 1340 fumea
674 1285 757 1340 taedis

151 1358 267 1427 lumina;
288 1360 509 1432 praeeipitemque
523 1360 633 1415 immani
650 1353 875 1433 turbiueadegiti

97 1442 136 1486 505
151 1435 204 1488 Neo
217 1451 270 1489 non
284 1442 309 1489 et
326 1434 430 1508 Tityon,
442 1436 535 1490 Terrae
544 1435 734 1505 omniparentis
746 1433 889 1497 alumnum,

151 1525 255 1563 cernere
265 1516 327 1573 erat,
339 1526 386 1579 per
395 1516 447 1563 tota
457 1526 552 1564 novem
562 1510 606 1564 oui
616 1510 708 1581 iugera
716 1526 815 1580 eorpus

151 1582 308 1654 porrigitur3
329 1591 466 1655 rostroque
475 1584 600 1638 immanis
609 1583 817 1639 vulturobunoo

153 1656 299 1711 immortale
308 1657 381 1712 iecur
388 1658 500 1713 tondens
510 1658 675 1730 secundaque
684 1658 777 1730 poenis

152 1731 261 1795 viscera,
274 1731 438 1804 rimaturque
446 1733 542 1804 epulis,
555 1733 707 1804 habitatque
716 1732 769 1787 sub
779 1731 833 1787 alto

99 1815 138 1859 000
152 1813 262 1876 pectore,
275 1822 323 1860 nee
333 1805 408 1861 tibris
418 1808 522 1879 requies
532 1808 609 1863 detur
618 1807 673 1862 ulla
683 1808 792 1863 renatis.

153 1879 224 1946 Quid
233 1897 376 1935 memorem
387 1882 525 1954 Lapithes.
538 1883 630 1937 lxiona
638 1880 860 1954 Pirithoumque?

153 1971 221 2026 quos
229 1972 309 2026 super
318 1961 373 2010 atra
382 1956 450 2013 silex
460 1957 513 2012 iem
523 1958 576 2012 iem
587 1957 693 2028 lnpsure
704 1957 865 2029 cadentique

154 2029 276 2084 imminet
285 2030 429 2086 adsimilis:
451 2031 539 2086 luoent
550 2032 700 2105 genialibus
708 2031 769 2086 altis

155 2122 232 2158 aurea
245 2103 328 2160 fulcra
338 2107 411 2171 toris,
429 2107 576 2179 epulaeque
585 2114 644 2162 ante
653 2123 698 2161 oru
709 2113 817 2177 paratae

100 2188 139 2233 005
154 2179 259 2251 regifico
270 2180 350 2249 luxu3
371 2182 513 2236 Furiarum
523 2182 639 2236 maxima
650 2182 724 2235 iuxta

154 2253 271 2320 accubat,
285 2263 311 2308 et
321 2256 444 2310 manibus
457 2256 877 2329 pmhibetoontingeremeusae,l

156 2329 329 2400 exsurgitque
337 2330 420 2384 lacem
431 2330 559 2396 attollens,
571 2339 650 2403 etque
660 2331 762 2386 intonet
770 2347 828 2386 ore.

156 2402 212 2469 llio,
224 2403 324 2473 quibus
334 2404 414 2458 invisi
423 2404 524 2471 fratres,
537 2405 603 2460 dum
614 2407 667 2460 vita
676 2404 811 2471 manebat,

155 2475 310 2548 pulsatusve
320 2494 423 2547 parens,
435 2488 460 2534 et
470 2479 542 2535 fraus
553 2481 648 2536 innexa
658 2480 761 2536 clienti:

102 2561 141 2605 050
156 2558 201 2605 eut
210 2551 258 2622 qui
268 2551 369 2607 divitiis
379 2553 427 2608 soli
438 2554 581 2610 incubuere
591 2556 708 2626 repertis,

157 2633 313 2699 neoportem
323 2644 435 2701 posuere
444 2630 515 2685 suis:
536 2648 605 2705 quae
615 2628 881 2687 meximuturbaoet.
