1846 3052
132 175 179 228 148
293 180 323 224 P.
344 174 516 224 VIRGILII
532 172 708 221 MARONIS

130 278 289 350 adspiciam,
302 284 346 331 aut
356 276 444 331 Graiis
453 274 581 331 servitum
591 273 724 330 matribus
733 272 784 339 ibo,

130 353 271 415 bardenie,
283 359 308 406 et
316 351 393 406 divae
401 351 511 406 Veneris
520 366 627 418 nurusj,
640 402 644 407 .

131 427 178 481 scd
189 444 232 480 me
241 444 338 498 magna
347 425 427 480 dedm
437 424 558 498 genetrix
569 424 613 478 his
623 422 723 479 detinet
730 422 791 479 cris.

130 504 240 572 Iamque
249 501 320 563 vale,
332 507 357 554 et
368 500 420 554 nati
431 517 507 554 serva
515 499 668 553 eommunis
680 514 802 553 amorem.

74 585 114 627 rec
128 577 197 629 Haec
206 575 252 629 ubi
263 575 330 629 dicta
336 574 417 634 dedit,
425 573 605 628 lacrimantem
617 571 734 629 etmulta
747 571 833 629 relenta

129 650 215 704 dicere
232 649 358 712 deseruit,
371 656 516 720 tenuesque
525 648 631 703 recessit
640 648 667 703 in
679 665 768 717 aurea.

130 725 180 778 Ter
189 730 297 778 conatus
307 724 345 777 ibi
355 722 421 777 collo
429 722 492 777 dare
501 722 608 778 brachie
618 722 734 790 circnm;

130 807 169 852 ter
179 797 276 852 frustra
284 815 440 868 comprensa
449 814 545 853 manus
554 796 646 870 effugit
656 797 755 871 imago,

129 890 178 944 par
191 871 296 927 levibus
307 872 407 937 ventis,
419 871 575 943 volucrique
583 870 722 926 simillime
732 886 833 941 somnne

75 957 115 1001 795
130 947 173 1002 Sic
179 945 288 1000 demum
297 946 395 1011 socios,
407 954 545 1001 consumta
554 952 641 1010 nocte,
653 945 749 1001 reviso.

167 1020 255 1093 Atque
263 1020 307 1074 hic
315 1021 449 1094 ingentem
459 1021 586 1075 comitum
594 1018 741 1075 adfluxisse
749 1032 833 1075 neren

131 1095 238 1151 invenio
252 1095 387 1150 admirans
396 1094 730 1167 numemmassmatresque,
741 1094 833 1165 virerqe

130 1169 264 1226 collectam
275 1169 369 1224 exsilic
378 1170 491 1241 pubem,
504 1168 655 1224 miserabile
663 1168 774 1243 vulgus.

131 1245 256 1317 Undique
264 1261 422 1309 convenere,
434 1244 532 1298 animis
541 1242 694 1316 opibusque
701 1244 792 1315 parati,

78 1331 117 1372 tce
131 1321 161 1374 in
171 1336 346 1391 quascunque
355 1318 435 1374 velim
446 1318 539 1392 pelago
547 1318 677 1373 deducere
687 1325 812 1385 unae,

131 1395 241 1465 lamque
251 1394 320 1467 iugis
330 1410 451 1448 summae
460 1393 585 1466 surgebat
596 1391 703 1447 Lucifer
710 1393 778 1453 Idae,

132 1467 296 1539 ducebatque
305 1468 389 1537 diem3
410 1467 547 1539 Danaique
556 1467 665 1522 obsessa
675 1467 796 1522 tenebant

135 1542 229 1596 limina
247 1549 396 1612 pertarum,
412 1559 461 1598 nec
469 1558 530 1614 spes
540 1541 597 1613 epis
607 1541 662 1596 ulla
672 1541 792 1613 debatur.

133 1615 220 1679 (lessi,
233 1623 257 1669 et
264 1617 368 1672 sublato
377 1624 494 1673 montem
505 1617 623 1690 genitore
631 1610 801 1697 petiriffir’

393 1773 616 1802 ..ψ-

235 1971 433 2028 LIBER
478 1970 775 2028 TERTIUS.

134 2132 283 2211 Postquam
293 2157 335 2194 res
343 2139 421 2194 Asiae
432 2140 584 2211 Priamique
592 2146 707 2195 evertere
714 2145 815 2213 gentem

135 2215 295 2269 immeritem
305 2214 395 2270 visum
404 2214 522 2286 superis,
534 2213 681 2285 deciditque
689 2214 828 2286 superbum

136 2288 230 2354 Ilium,
241 2297 267 2344 et
275 2290 363 2345 omnis
375 2289 459 2343 humo
469 2288 553 2343 fumat
562 2288 695 2360 Neptunia
704 2288 793 2357 Trcia3

137 2362 242 2418 diversa
251 2364 345 2418 exsilia
354 2370 380 2418 et
388 2363 503 2418 desertas
512 2379 638 2434 quaerere
646 2370 730 2417 terras

83 2449 95 2489 5
137 2438 258 2511 auguriis
268 2438 373 2510 agimur
382 2437 668 2508 divum,classemque
677 2436 730 2492 sub
740 2436 798 2509 ipea

137 2511 274 2567 Antandro
284 2518 309 2565 et
317 2511 449 2584 Phrygiae
459 2511 587 2566 molimur
594 2511 733 2567 mentibus
742 2510 809 2573 ldae,

132 2585 241 2654 incerti,
255 2584 639 2662 quoiataIerant,ubisistere
647 2585 739 2653 detnr;
821 2588 833 2597 ““

125 2664 473 2743 contmbimusqueuircs.
496 2659 833 2746 iixqrimainmnvs
