1846 3052
131 150 181 207 206
292 155 323 202 Ρ.
342 154 512 202 VIRGILII
528 152 702 201 mnnoms

130 256 211 329 idque
222 254 267 327 pio
276 254 348 309 sedet
358 255 472 320 Aeneae,
482 254 576 327 probat
583 263 673 310 auctor
682 253 799 318 Acestes,

131 346 275 402 aequemus
287 346 402 403 pugnas.
431 329 525 402 Erycis
535 329 584 383 tibi
593 335 665 401 terga
675 328 796 395 remitt03

76 413 116 460 420
131 404 204 460 solve
216 411 316 472 metus3
337 410 362 458 et
370 411 399 458 tu
409 403 535 458 Troianos
544 419 612 457 exue
620 409 719 457 cestus.

131 481 199 534 Haec
207 477 290 543 fatus,
304 477 436 549 duplicem
447 495 481 532 ex
490 477 610 532 humeris
620 476 710 531 reiecit
718 476 851 541 amicum,

131 562 157 608 et
169 570 280 627 magnos
288 554 470 608 membrorum
481 549 563 617 artris,
576 567 745 624 magnaossn
755 550 868 607 lacertos

642 640 676 681 ue

131 703 218 768 exuit,
230 708 309 773 atquc
318 701 412 774 ingens
422 699 507 755 media
516 642 732 756 consistiiarena

131 778 201 831 Tum
213 783 286 830 satus
295 776 411 831 Anchisa
420 782 506 829 cestus
519 782 592 846 pater
598 773 695 830 extulit
704 791 814 847 aequos,

77 858 117 904 425
131 858 156 905 et
164 851 273 922 paribus
282 848 385 921 palmas
394 850 534 904 amborum
544 850 666 904 innexuit
678 849 772 905 ermis.

131 924 252 981 Constitit
260 923 289 979 in
299 924 395 996 digitos
404 923 535 995 extemplo
544 931 659 979 arrectus
668 931 791 996 uterque,

131 999 291 1070 brachiaque
300 999 333 1053 ad
343 1015 452 1068 superas
462 999 595 1053 interritus
603 996 699 1053 extulit
708 1015 797 1053 auras.

131 1073 273 1129 Abduxere
282 1080 349 1128 retro
359 1072 437 1146 longe
446 1073 530 1144 capite
539 1072 621 1128 ardua
631 1072 665 1127 ab
675 1072 743 1141 ictu;

132 1149 334 1221 immiscentque
349 1164 446 1202 manus
459 1147 598 1212 manibus,
609 1163 786 1220 pugnamque
795 1144 867 1202 laces·

622 1227 701 1288 sunt,

78 1304 118 1351 ltu
132 1297 177 1352 ille
185 1297 284 1370 pedum
293 1296 386 1352 melior
394 1303 482 1362 motu,
494 1295 629 1368 fretusque
641 1296 765 1361 iuventa,

132 1372 177 1426 hic
185 1372 312 1427 membris
322 1379 347 1426 et
356 1370 424 1426 mole
433 1371 538 1427 valens:
560 1370 606 1426 sed
617 1371 691 1425 tarda
699 1369 823 1425 trementi

132 1463 219 1518 genua
232 1445 335 1501 labant:
356 1452 444 1502 vastos
452 1446 537 1518 quatit
546 1462 622 1518 aeger
631 1444 767 1499 anhelitus
776 1451 853 1498 artus.

133 1520 215 1575 Mults
224 1521 275 1575 viri
286 1520 466 1593 nequidquam
477 1521 545 1575 inter
555 1537 584 1574 se
595 1518 706 1575 vulnera
716 1519 822 1584 iactant,

133 1593 217 1648 multa
226 1611 290 1648 cavo
303 1593 376 1648 lateri
385 1595 562 1668 ingeminant,
577 1600 814 1664 etpectcrevastos

78 1674 118 1721 lat
132 1668 195 1722 dant
205 1667 320 1722 sonitus:
341 1676 462 1740 erratque
471 1686 547 1724 aures
556 1676 581 1723 et
592 1675 710 1739 tempore
719 1668 823 1723 circum

132 1741 222 1796 crebra
235 1758 345 1806 manus,
356 1741 422 1798 duro
431 1744 557 1815 crepitent
566 1742 617 1798 sub
627 1741 737 1798 vulnere
746 1741 839 1797 malae.

132 1815 189 1872 Stat
195 1816 284 1888 gravis
292 1816 426 1882 Entellus,
438 1818 552 1889 nisuque
561 1818 687 1872 immotus
697 1816 793 1872 ecdem

132 1906 239 1962 corpore
246 1889 296 1944 tela
305 1890 384 1946 modo
392 1900 471 1964 atque
480 1892 563 1947 oculis
572 1892 746 1966 vigilantibus
756 1891 819 1946 exit

133 1964 192 2029 Ille,
204 1963 277 2020 velut
286 1962 381 2019 celsam
393 1974 529 2039 oppugnat
538 1966 585 2038 qui
595 1965 711 2021 molibus
721 1966 819 2021 urbem

79 2045 119 2092 llo
133 2046 179 2094 aut
190 2045 313 2094 montana
322 2039 393 2094 sedet
403 2041 501 2095 circum
511 2040 615 2096 castella
622 2041 675 2095 sub
684 2039 778 2105 armis,

133 2130 206 2168 nunc
214 2113 277 2179 hos,
288 2130 360 2168 nunc
369 2114 427 2169 illos
437 2115 538 2175 aditus,
550 2132 711 2187 omnemque
719 2123 838 2186 pererrat

133 2187 299 2252 artelocum,
320 2195 346 2242 et
353 2189 433 2244 variis
443 2188 592 2244 adsultibus
602 2189 692 2243 irritus
702 2196 788 2261 urget.

134 2261 254 2315 Ostendit
262 2261 380 2316 dextram
392 2263 532 2336 insurgens
540 2263 675 2328 Entellus,
686 2271 713 2318 et
721 2263 775 2318 alte

133 2334 240 2389 extulit:
261 2335 306 2389 ille
315 2336 397 2391 ictum
407 2337 686 2393 venientemavertice
694 2336 779 2393 velox
868 2376 872 2381 -

79 2416 120 2464 445
134 2406 275 2480 praevidit,
286 2408 415 2482 celerique
424 2411 530 2483 elapsus
538 2429 644 2484 corpore
652 2412 744 2467 cessit:

133 2481 253 2538 Entellus
262 2483 332 2537 vires
344 2485 373 2538 in
382 2494 490 2540 ventum
500 2486 604 2556 effudit3
625 2487 738 2549 ctultrc‚

132 2559 191 2631 ipse
201 2556 292 2633 gravis
303 2559 483 2632 graviterque,
496 2561 529 2616 ad
538 2569 633 2616 terram
642 2561 759 2634 pondere
772 2570 851 2619 vasto

123 2635 259 2695 concidit:
270 2641 302 2694 ut
311 2635 450 2713 quendem
459 2653 527 2692 caue
533 2637 877 2708 nncrutanxurqmnmq
