1846 3052
172 157 223 212 264
341 163 370 210 Ρ.
389 159 558 209 VIRGILII
575 158 754 207 MRONIS

172 263 240 317 Tum
253 278 313 316 vero
323 261 356 316 ad
367 278 458 317 vocem
467 259 637 332 celeresque
649 260 762 315 buccina
771 259 880 335 signum

119 346 157 389 520
174 334 233 390 dira
242 336 322 399 dedit,
333 336 416 407 raptis
425 343 585 391 concurrunt
594 333 715 406 undique
723 332 786 389 telis

172 409 294 464 indomiti
304 408 443 484 agricolam
465 427 513 465 nec
523 426 575 465 non
585 415 611 464 et
620 409 699 464 Troia
707 407 796 480 pubes

172 483 285 538 Ascanio
293 483 424 540 auxilium
434 484 525 540 castris
534 481 646 539 effundit
654 482 762 555 apertis.

172 558 294 612 Direxere
302 558 380 614 acies.
409 559 468 613 Non
479 558 531 614 iam
541 557 684 614 certamine
693 557 802 631 agresti,

173 631 308 703 stipitibus
317 631 392 688 duris
401 633 488 706 agitur
496 631 644 688 sudibusve
651 632 798 704 pmenstis3

119 716 157 759 555
172 705 218 760 sed
226 704 295 761 ferro
305 706 411 779 ancipiti
419 707 571 772 decernunt,
583 714 693 780 atraque
701 706 754 762 iate

173 780 298 835 horrescit
307 781 403 836 strictis
413 799 488 855 seges
497 781 616 844 ensibus.
629 798 744 853 aeraque
751 778 853 855 fulgent

173 854 228 909 sole
237 853 363 920 lacessita,
378 862 403 910 et
412 855 498 911 lucem
507 854 662 910 subnubila
672 855 783 910 iactant:

172 927 267 982 fluctus
277 930 315 982 uti
324 930 412 999 primo
420 929 506 1001 coepit
515 946 599 1000 quum
610 928 743 984 albescere
751 935 837 993 veno.

172 1001 310 1074 paullatim
319 1020 376 1058 sese
384 1002 452 1058 tollit
461 1001 664 1067 mare,etaltius
674 1002 762 1058 undas

119 1086 157 1130 535
172 1076 256 1150 erigit.
268 1077 331 1132 inde
340 1077 394 1132 imo
401 1078 536 1151 consurgit
545 1077 578 1132 ad
589 1077 694 1133 aethere
705 1076 797 1133 fundo.

173 1152 220 1205 flio
230 1151 334 1207 iuvenis
343 1151 457 1224 primam
467 1159 527 1207 ante
535 1152 617 1207 aciem
626 1151 754 1208 stridente
765 1152 861 1226 sagitte.

174 1233 295 1281 natorum
304 1226 415 1300 Tyrrhei
424 1225 508 1282 iuerat
516 1225 721 1298 quimaximus,
735 1225 814 1282 Almo

173 1300 311 1369 sternitur;
333 1301 416 1356 haesit
426 1299 498 1356 enim
511 1300 563 1355 sub
573 1299 799 1374 guttureuulnus‚
813 1296 895 1357 cade

172 1375 244 1430 vocis
253 1375 301 1430 iter
309 1383 468 1448 tenuemque
478 1374 586 1431 inclusit
594 1375 829 1449 sanguinevitam

119 1459 157 1502 535
172 1465 279 1520 corpora
288 1449 371 1505 multa
381 1449 469 1506 virum
479 1450 556 1515 circa,
567 1449 708 1522 seniorque
718 1446 852 1514 Galaesus,

173 1523 237 1579 dum
244 1525 302 1595 paci
312 1524 429 1579 medium
439 1542 467 1579 se
479 1524 565 1580 offert:
586 1524 753 1580 iustissimus
761 1542 832 1582 untia

192 1599 220 1652 ui
231 1596 289 1663 fuit,
302 1599 479 1671 Ausoniisque
487 1599 552 1653 olim
562 1598 711 1655 ditissimus
722 1600 806 1658 arvis.

173 1614 297 1743 buinque
305 1690 399 1746 greges
409 1672 449 1728 illi
459 1672 605 1738 balantum,
616 1673 702 1746 quina
712 1673 833 1729 redibant

172 1753 298 1809 armenta,
308 1754 333 1801 et
341 1755 436 1801 terram
446 1756 552 1803 centum
562 1747 677 1803 vertebat
687 1748 791 1803 matris.

119 1824 158 1871 515
209 1818 304 1890 Atque,
312 1838 341 1874 ea
350 1836 397 1892 per
406 1838 513 1893 campos
522 1822 770 1894 aequodumhiarte
839 1828 894 1882 utut

173 1893 295 1963 promissi
307 1893 355 1948 dea
364 1893 429 1950 facta
437 1905 539 1968 potens,
553 1896 600 1951 ubi
609 1896 784 1970 sanguinebe
794 1897 848 1953 lum

172 1967 277 2033 imbuit,
291 1969 566 2040 etprimaecommisit
576 1970 669 2026 funera
677 1988 794 2045 pugnae,

173 2041 268 2096 deserit
277 2044 437 2114 hesperiam,
452 2053 477 2099 at
486 2044 551 2100 coeli
560 2052 682 2101 convecta
692 2063 740 2118 per
749 2063 828 2103 aures

172 2117 300 2172 lunonem
310 2118 406 2174 victrix
415 2118 508 2174 affatur
516 2137 579 2175 voce
591 2120 719 2192 superba:

118 2195 156 2242 515
171 2191 222 2255 En,
234 2190 344 2262 perfecta
353 2193 401 2248 tibi
411 2193 480 2249 bello
489 2194 619 2250 discordia
629 2194 708 2250 tristi.

172 2264 227 2329 Dic,
241 2265 268 2320 in
278 2267 419 2322 amicitiam
429 2271 528 2334 coeant,
542 2276 567 2323 et
576 2267 679 2326 foedera
689 2269 810 2343 iungant,

172 2339 388 2411 quandoquidem
397 2341 514 2398 Ausonio
525 2344 637 2415 respersi
651 2345 785 2417 sanguine
793 2345 892 2400 Teucro

172 2413 227 2466 Hoc
233 2413 312 2469 etiam
321 2415 363 2470 his
373 2415 477 2482 addam,
491 2425 534 2473 tua
546 2419 570 2472 si
580 2418 647 2473 mihi
656 2426 726 2474 certa
735 2418 871 2488 voluntem

173 2485 299 2541 finitimas
312 2487 340 2542 in
350 2489 419 2544 bella
428 2490 509 2546 ieram
519 2493 672 2549 rumoribus
681 2492 773 2559 urbes,

119 2570 157 2612 555
171 2560 364 2634 accendamque
373 2564 475 2620 animos
486 2567 573 2622 insani
583 2569 673 2623 Martis
682 2585 782 2634 umore,

169 2635 294 2715 undique
301 2646 331 2697 ut
339 2638 901 2715 aux'iiioueniantqsangnmsmnqeragro
