1846 3052
103 158 108 168 ·
183 129 233 183 122
350 134 378 180 Ρ.
397 129 568 178 VIRGILII
584 128 758 176 uultoms

181 241 293 290 crateras
303 248 413 304 magnos
422 236 549 294 statuunt,
560 235 586 284 et
594 228 657 284 vina
666 236 802 286 coronant.

128 317 168 362 725
181 308 225 364 Fit
234 307 357 380 strepitus
366 305 448 368 tentis,
459 320 605 376 vocemque
613 319 661 377 per
670 303 758 377 ampla
768 304 888 363 volutant

183 382 261 450 atria;
282 378 527 453 dependentlyohni
537 377 706 450 laquearibus
716 379 806 435 aureis
906 375 915 419 ¹

182 455 292 522 inoensi,
304 463 330 510 et
338 461 439 510 noctem
449 453 563 508 flammis
572 452 673 508 funalia
681 453 803 509 vineunt.
870 436 913 527 {b

182 530 232 586 Hic
240 531 330 604 regina
339 546 448 603 gravem
456 527 571 602 gemmis
580 540 697 599 auroque
705 529 826 600 poposcit
880 540 915 589 'A

183 604 356 676 implevitque
365 621 437 658 mero
445 609 571 675 pataram,
582 619 665 674 quam
674 602 762 670 Belus,
773 610 800 659 et
807 621 897 660 omnes

129 688 170 732 73⁰
184 678 270 735 ebolo
279 678 361 747 soliti;
382 685 441 733 tum
451 676 516 732 facta
525 675 630 732 silentia
641 677 728 733 tentis:

184 755 290 825 Iupiter,
302 753 460 827 (hospitibus
469 769 532 807 nam
541 751 638 807 tedere
646 751 705 806 iura
713 751 881 825 loquuntur,)

184 829 256 883 huno
266 828 362 884 laetum
372 827 512 902 Tyriisque
521 825 592 881 diem
604 827 734 899 Troiaque
742 825 864 899 proiectis

184 920 242 958 esse
250 902 325 968 velis,
337 909 492 974 nostrosque
501 900 582 956 huius
592 901 746 956 meminisse
755 902 881 957 minores.
903 928 907 935 ·

184 976 260 1033 Adsit
268 977 380 1032 laetitiae
386 976 503 1031 Baoehus
512 976 594 1040 dator,
606 983 632 1031 et
642 976 711 1032 bona
720 977 796 1033 iuno.

130 1060 169 1104 735
182 1052 217 1108 Et
226 1069 283 1119 vos,
293 1069 319 1118 o,
329 1059 442 1117 ooetum,
454 1051 537 1124 Tyrii,
553 1050 679 1106 oelebrate
686 1049 815 1108 faventes.

183 1127 264 1194 Dixit,
275 1133 301 1183 et
308 1127 338 1182 in
347 1143 466 1182 mensam
476 1125 582 1181 laticum
593 1125 685 1183 libavit
694 1126 831 1191 honorem,

184 1203 332 1275 primaque,
346 1200 434 1267 libato,
446 1218 553 1256 summo
561 1208 639 1257 tenus
649 1200 736 1275 attigit
745 1217 804 1269 ore;

184 1286 243 1332 tum
251 1278 332 1333 bitiae
340 1276 412 1331 dedit
421 1275 588 1347 increpitans.
609 1275 656 1331 Ille
666 1275 781 1363 impiger
789 1275 878 1331 hausit

185 1359 352 1422 spumantem
363 1360 488 1424 pateram,
500 1358 526 1405 et
534 1348 611 1422 pleno
619 1367 648 1405 se
658 1349 847 1422 prolurt'auro;

131 1430 171 1477 tto
185 1426 433 1499 postuliiprooeres.
453 1425 559 1482 Cithara
566 1425 677 1480 crinitus
686 1426 762 1496 Iopas

185 1507 307 1570 personat
315 1508 413 1566 aurata,
425 1500 514 1556 docuit
521 1517 590 1572 quae
598 1499 733 1554 maximus
742 1496 825 1555 Atlas.

185 1574 234 1629 iiio
243 1574 312 1628 canit
320 1582 449 1630 errantem
459 1575 561 1640 lunam,
573 1573 691 1646 solisque
700 1572 818 1643 labores3

185 1648 257 1703 unde
266 1648 406 1703 hominum
416 1665 511 1722 genus,
522 1655 548 1704 et
556 1648 685 1734 pecudes}
703 1647 777 1704 unde
786 1648 903 1703 imberet

677 1740 767 1778 rues·

185 1798 338 1861 Arcturum,
349 1793 508 1869 pluviasque
517 1797 632 1872 Hyadas,
647 1739 825 1872 guirinoique
836 1796 907 1852 Trio·

675 1889 736 1940 nes,

132 1952 171 1998 tta
185 1943 253 2016 quid
261 1951 364 1999 tantum
373 1961 470 2000 ooeano
478 1952 617 2017 properent
626 1963 655 2000 se
663 1946 784 2020 tinguere
793 1944 864 2002 soleo

185 2018 301 2084 hiberni,
316 2019 356 2074 vel
366 2036 435 2091 quae
443 2020 525 2074 tardis
535 2037 607 2075 mora
618 2020 739 2076 noctibus
747 2020 844 2076 obstet.

185 2094 353 2168 ingeminant
360 2094 457 2166 plausu
467 2095 550 2168 Tyrii,
562 2095 695 2167 Troesque
702 2104 863 2167 sequuntur.

186 2169 303 2224 Necnon
312 2170 419 2226 etvario
428 2177 530 2224 noctem
540 2186 660 2225 sermone
669 2169 789 2225 trahebat

186 2241 280 2297 infelix
289 2243 363 2310 Dido,
376 2243 539 2318 longumque
548 2243 655 2299 bibebat
662 2261 790 2311 amorem,

132 2327 172 2370 tat
186 2315 271 2371 multa
280 2335 360 2388 super
370 2319 475 2374 Priamo
484 2319 609 2392 rogitans,
626 2335 705 2390 super
715 2319 823 2375 Hectore
832 2317 915 2377 multa

188 2407 269 2456 nunc,
281 2391 381 2463 quibus
393 2392 509 2449 Aurorae
517 2394 633 2450 venisset
643 2393 717 2448 filius
726 2394 818 2460 armis,

188 2481 269 2532 nuno,
289 2464 382 2538 quales
398 2467 531 2523 Diomedis
548 2467 619 2541 equi,
639 2477 861 2598 nuffihqmm'

739 2542 808 2599 illes.
885 2588 888 2593 .

188 2615 247 2672 imo
257 2631 313 2693 age,
325 2620 350 2672 et
359 2632 374 2671 a
384 2615 469 2690 prima
477 2615 529 2683 dio,
542 2610 646 2691 hosp'es,
661 2616 764 2692 origine
774 2618 856 2675 nobis
