1846 3052
161 146 213 203 222
329 151 357 197 P.
376 147 547 197 VIRGILII
563 147 738 195 nsnoms

162 258 198 306 tot
207 251 290 307 maria
299 249 407 315 intravi,
422 249 489 303 duos
497 255 535 314 to,
547 248 705 320 ponitusque
713 255 830 321 repostas

108 336 133 379 oo
162 324 310 398 Massylam
318 332 422 397 gentes,
433 331 618 395 praetentaque
627 323 751 396 Syrtibus
761 342 836 394 arva3

162 400 215 454 iam
223 398 330 453 tandem
340 397 427 452 Italiae
439 397 564 471 fugientis
574 398 731 470 prendimus
739 415 806 454 oras.

161 475 215 528 Hao
224 473 336 527 Troiana
345 480 421 528 tenus
431 471 510 527 fuerit
518 471 622 527 fortuna
631 481 730 529 secuta.

161 549 214 604 Vos
224 564 331 619 quoque
339 549 494 620 Pergameae
503 547 556 602 iam
568 546 608 601 ias
620 554 659 602 est
669 564 775 618 pomero
783 549 861 622 genti,

161 622 361 694 diquedeaoque
373 622 686 692 omnes,quibnsobstitit
695 622 892 696 [liumatingens

108 706 133 749 55
160 695 245 770 gloria
255 696 407 751 Dardaniae.
436 697 835 767 Tuque,osanotissimavatos,

160 769 276 843 praescia
286 772 404 836 venturi,
419 770 466 835 da,
477 769 538 842 (non
551 771 667 826 indebita
676 789 756 843 posoo

162 863 242 918 regna
251 845 317 898 meis
327 843 385 899 satis
392 845 410 918 ,)
419 845 492 899 Latio
504 845 638 900 oonsidero
649 848 772 912 Teucros,

161 930 329 990 errantesque
338 919 555 991 deosagitataque
564 921 675 975 numina
685 922 785 976 Troiae.

162 995 231 1049 Tum
241 993 344 1048 Phoebo
356 1001 382 1048 et
390 994 494 1049 Triviae
501 994 585 1049 solido
594 995 627 1050 da
636 1012 767 1050 marmore
774 993 892 1066 templum

107 1078 133 1120 to
162 1069 312 1133 instituam,
323 1067 454 1139 fastosque
463 1068 520 1122 dies
529 1068 562 1123 do
571 1070 678 1123 nomine
686 1070 796 1126 Phoebi.

161 1145 198 1198 Te
207 1160 314 1214 qnoque
323 1160 419 1216 magna
428 1150 535 1197 manent
547 1144 634 1216 regnis
639 1144 782 1214 penetralia
791 1144 889 1209 nostrin

162 1218 207 1272 hio
216 1235 264 1291 ogo
274 1235 390 1289 namque
399 1218 466 1272 duas
477 1224 558 1272 sortes
568 1235 714 1291 arcanaque
722 1218 787 1284 fata,

162 1293 229 1347 dioto
239 1309 312 1346 meaa
320 1292 406 1365 genti,
418 1309 528 1363 ponam,
540 1291 671 1364 lectosque
680 1294 797 1358 sacrabo,

163 1367 244 1431 alma,
256 1367 338 1423 viros.
367 1366 448 1422 Foliis
458 1375 560 1422 tantum
570 1385 604 1422 ne
613 1368 730 1422 carmina
739 1368 844 1432 manda,

108 1452 133 1494 75
162 1459 195 1495 ne
206 1441 309 1495 turbata
319 1439 407 1496 volent
419 1441 517 1513 rapidis
528 1441 642 1497 ludibria
651 1443 752 1497 ventis:

162 1516 220 1586 ipsa
228 1533 306 1570 canas
316 1533 371 1570 oro.
400 1517 493 1571 Finem
503 1515 574 1571 dedit
583 1534 627 1571 ore
636 1515 773 1588 loquendi.

198 1589 241 1654 At,
253 1590 350 1644 Phoabi
359 1590 478 1645 nondum
488 1591 602 1661 patiens,
614 1591 740 1646 immanis
753 1592 781 1646 in
793 1598 866 1646 antro

160 1664 394 1728 bacchaturvates,
407 1682 535 1738 magnum
544 1666 567 1719 si
577 1673 677 1737 pectore
686 1666 770 1736 possit

164 1738 313 1792 excussisse
322 1737 415 1792 deum:
436 1747 507 1794 tanto
517 1741 602 1813 magis
611 1739 757 1814 illoiatigat

108 1823 134 1866 to
166 1811 894 1888 osrabidum,feraoordadoman5,fingitquepremondo

162 1886 235 1942 Ostia
249 1887 356 1958 iamque
368 1887 463 1942 domus
473 1895 579 1959 patuaro
587 1890 704 1962 ingentia
713 1898 821 1945 contum

163 1969 255 2033 sponto
265 1979 322 2027 sua,
334 1962 455 2034 vatisque
464 1962 550 2018 serunt
559 1981 681 2035 responsa
694 1981 742 2035 per
751 1982 843 2019 auras:

163 2035 300 2092 Otandem
312 2037 417 2110 magnis
426 2037 513 2111 pelagi
522 2037 642 2093 defuncte
651 2038 771 2109 periclis,

162 2111 217 2183 (sod
227 2119 294 2166 terra
303 2113 422 2185 graviora
432 2111 563 2188 manent:)
590 2113 618 2168 in
627 2130 708 2186 regna
717 2114 814 2170 Lavint

109 2196 134 2238 85
161 2186 324 2242 Dardanidae
333 2188 449 2250 vanient;
471 2188 544 2241 mitte
553 2189 620 2242 hano
629 2188 661 2241 de
670 2194 773 2259 pectore
783 2205 884 2253 curam,

162 2259 210 2314 sed
220 2278 272 2316 non
282 2269 307 2316 et
318 2262 422 2318 venisse
432 2261 526 2317 volent.
545 2262 628 2327 Bella,
640 2262 746 2317 horrida
755 2261 835 2326 bolla,

59 2349 62 2355 ·
164 2342 190 2390 ot
199 2335 329 2408 Thybrim
342 2336 427 2392 mutto
436 2345 603 2407 spumantem
612 2337 742 2410 sanguine
750 2354 839 2393 oerno.

163 2410 222 2464 Non
232 2409 328 2464 Simois
338 2411 399 2475 tibi,
412 2429 459 2465 neo
468 2411 605 2476 Xanthus,
617 2429 665 2466 noo
672 2412 765 2466 Dorion
773 2419 860 2467 eastra

164 2482 305 2539 defuerint.
333 2483 409 2539 Alius
420 2486 494 2540 Latio
503 2487 556 2540 iam
565 2494 656 2558 partus
666 2485 792 2551 thillos,

111 2567 137 2612 90
164 2566 242 2614 natus
252 2568 278 2614 et
287 2559 343 2631 ipse
352 2558 411 2615 dea.
442 2561 496 2614 Noo
507 2561 790 2616 Teucrisadditaluno

157 2651 278 2714 nsquam
288 2635 389 2710 aberit,
409 2635 881 2713 qnnmtnsoonioxiniooosagonis
