1846 3052
226 155 274 209 {62
389 160 417 205 P.
437 158 605 205 VIRGILII
622 158 780 204 MARoNI,

223 262 364 323 Praeterea,
376 256 460 328 siqua
471 263 509 310 est
519 255 615 312 Heleno
624 256 773 328 prudentia,

224 337 247 390 si
258 351 310 407 qua
320 332 393 396 fides,
407 331 526 385 animum
536 331 559 384 si
568 332 638 386 veris
651 331 742 402 implet
752 334 780 403 Α]

170 418 210 465 135
223 426 308 464 unum
322 405 389 461 iliud
402 406 459 470 tihi,
477 413 536 460 nate
550 405 606 471 dea,
619 423 733 478 praeque
742 424 780 461 ou

224 482 384 556 praedicam,
400 487 428 535 et
443 487 562 551 repetens
577 481 725 609 iterumqpe
739 482 780 536 iter

204 625 208 631 ¹
225 631 333 686 lunonis
342 646 455 703 magnae
463 629 580 700 primum
590 572 774 699 preoengutmcn

225 705 319 761 lunoni
329 722 392 759 cane
400 711 459 759 vota
470 703 564 768 libens,
577 703 780 777 dominamque]

225 779 390 851 supplicibus
400 795 494 849 supera
503 778 590 832 donis.
619 778 662 832 Sic
671 778 732 833 deni
773 798 780 835 r

70 867 139 975 β
171 863 211 910 tto
226 854 359 909 Trinacria
369 853 434 908 fines
443 853 520 907 Italos
530 854 632 907 mittere
641 797 780 983 relicta}

225 931 283 984 Huc
291 928 339 983 ubi
349 927 450 982 delatus
460 927 602 983 Cumaeam
616 930 739 983 accesseri
768 946 780 984 t

225 1003 382 1074 divinosque
394 1001 466 1057 lacus
476 1010 501 1056 et
510 1002 613 1057 Averna
623 1004 741 1058 sonantia
753 1005 777 1058 si

226 1080 346 1134 insanam
357 1084 442 1132 vatem
453 1077 589 1148 adspicies,
600 1095 669 1149 quae
678 1096 743 1150 rupe
753 1096 780 1134 su

226 1153 277 1209 fata
287 1153 364 1217 canit,
378 1151 501 1223 foliisque
512 1159 584 1207 notas
594 1160 619 1206 et
628 1154 735 1207 nomina
745 1173 780 1208 ma

173 1237 212 1284 155
226 1228 403 1300 Quaecunque
412 1227 439 1281 in
449 1226 519 1281 foliis
528 1227 665 1298 descripsit
674 1229 780 1282 carmin.

227 1303 321 1377 digerit
331 1303 360 1357 in
370 1319 521 1366 numerum,
534 1309 612 1373 atque
622 1310 696 1357 antro
706 1302 779 1357 seclu

228 1378 277 1433 Illa
286 1385 393 1433 manent
402 1378 510 1431 immota
519 1376 592 1441 locis,
603 1394 690 1448 neque
699 1377 732 1431 ab
740 1394 780 1432 or(

227 1454 325 1509 Verum
334 1452 433 1517 eadem,
445 1468 520 1508 verso
529 1453 616 1506 tenuis
625 1469 710 1524 quum
720 1453 780 1507 card

228 1526 343 1598 impulit,
352 1534 377 1581 et
386 1534 487 1581 teneras
497 1527 700 1582 turbavitianua
709 1526 780 1582 frona

174 1611 212 1657 tao
227 1618 365 1672 nunquam
375 1601 540 1656 deindecavc
550 1601 684 1656 volitantia
693 1602 780 1673 prend

228 1693 276 1731 nec
285 1692 404 1730 revocare
414 1677 490 1741 situs,
502 1683 548 1731 aut
558 1677 666 1749 iungere
676 1678 780 1732 carmin

228 1748 371 1805 inconsulti
380 1749 486 1814 abeam,
499 1751 641 1822 sedemque
650 1750 726 1805 odero
734 1751 780 1806 Sih

228 1825 276 1879 Hic
284 1824 332 1878 tibi
342 1841 375 1879 ne
384 1842 437 1896 qua
449 1841 537 1880 morae
545 1824 642 1879 fuerint
652 1826 780 1896 dispendia

229 1899 353 1972 quamvis
361 1899 515 1970 increpitent
526 1901 599 1966 socii,
610 1907 635 1954 et
645 1901 671 1954 vi
681 1918 775 1954 cursus

176 1984 215 2031 155
229 1974 287 2031 vela
295 1982 377 2040 vocet,
388 1975 527 2047 possisque
536 1976 612 2029 sinus
622 1975 729 2046 impiere
738 1993 780 2030 sec

156 2082 163 2113 ·.
183 2096 187 2103 .
229 2050 296 2122 quin
306 2049 383 2105 adeas
391 2057 487 2115 vatem,
499 2050 674 2121 precibusque
682 2049 780 2104 oracula

155 2120 187 2177 ·'.
229 2128 381 2197 Ipsacanat,
395 2123 780 2196 vocemquevolensatqueora

230 2199 277 2255 illa
288 2200 335 2254 tibi
345 2200 432 2255 Italiae
441 2199 560 2271 populos,
573 2206 736 2271 venturaque
744 2201 777 2255 be

231 2283 268 2343 et,
288 2291 342 2347 quo
359 2292 492 2347 quemque
510 2275 587 2328 modo
604 2273 744 2348 fugiasque
760 2275 780 2330 fc

667 2367 733 2415 rem,

178 2432 217 2477 too
232 2423 358 2495 expediet,
369 2438 517 2495 cursusque
525 2422 598 2477 dabit
607 2432 727 2479 venerata
740 2441 780 2479 seo

232 2499 300 2552 Haeo
308 2502 379 2562 sunt,
392 2514 460 2568 quae
469 2505 557 2552 nostra
568 2496 642 2553 liceat
653 2506 678 2553 tc
687 2516 751 2555 voce
760 2517 780 2553 n

234 2571 303 2627 Vade
318 2587 374 2644 age,
389 2579 414 2625 et
425 2572 558 2645 ingentem
568 2572 642 2627 factis
654 2572 692 2628 fer
702 2575 735 2628 ad
746 2592 780 2628 ae¹

233 2647 306 2713 Quae
313 2652 454 2719 postquam
465 2654 537 2704 vatos
546 2648 585 2703 sic
594 2666 638 2704 ore
647 2649 740 2704 effatus
749 2666 780 2705 ao
