1846 3052
167 173 216 225 358
329 179 360 223 Ρ.
380 175 551 222 VIRGILII
568 175 742 222 sinamus

167 287 292 349 tompore,
304 290 388 348 quum
399 273 466 330 ferro
474 273 593 329 coelestia
601 290 711 346 corpora
720 275 832 332 demens

167 350 272 423 appetii,
284 357 309 405 et
316 350 424 406 Veneris
435 348 531 404 violavi
542 347 652 404 vulnere
663 348 797 406 dextram.

167 428 206 480 Ne
214 441 284 489 vero,
298 441 330 478 ne
339 441 381 478 me
391 423 424 479 ad
434 423 498 478 tales
509 421 635 494 impellite
643 439 758 497 pugnas.

166 501 220 554 Nec
229 498 295 552 mihi
306 514 368 553 cnm
378 498 484 553 Teucris
495 497 581 552 ullum
591 505 651 569 post
658 506 733 553 eruta
745 497 849 554 bellurn

113 585 152 628 280
166 575 305 646 Pergama3
327 589 374 626 nec
387 579 505 628 veterum
519 573 630 626 memini
643 571 758 628 laetorve
771 574 906 631 maloram.

167 648 285 710 Munera,
297 663 366 718 quae
374 647 466 718 patriis
475 646 507 700 ad
517 663 560 700 me
568 646 676 717 portmls
685 646 721 702 ab
728 648 795 713 cris,

167 721 260 776 vertite
269 720 301 775 ad
309 720 422 776 Aenean.
451 720 576 775 Stetimus
586 719 636 774 tela
645 737 739 792 aspera
748 729 849 787 eontra,

167 793 380 865 contulimusque
390 812 499 849 manus:
521 801 628 866 experto
635 795 741 859 credito,
754 804 872 868 quantus

168 871 196 923 in
206 869 321 940 clipeum
331 876 459 942 assurgat,
472 885 526 939 quo
534 868 772 943 turbiuetorqueat
780 870 891 927 hastam.

113 954 152 997 285
167 943 194 998 Si
204 943 258 997 duo
267 949 397 1013 praeterea
405 941 470 997 tales
479 943 554 997 ldaea
562 942 666 998 tulisset

72 1022 74 1027 “
167 1018 329 1073 terraviros:
350 1016 419 1073 ultro
428 1018 547 1071 Inachias
558 1017 674 1072 venisset
683 1015 717 1071 ad
726 1018 808 1074 urbae

167 1092 313 1157 Dardanus,
324 1099 349 1146 et
358 1092 440 1147 versis
450 1090 550 1166 lugeret
558 1091 667 1146 Graecia
675 1089 747 1146 latis.

168 1166 305 1238 Quidquid
314 1165 384 1237 apud
396 1165 476 1220 durae
484 1173 613 1220 cessatum
623 1173 663 1220 est
675 1167 782 1222 moenia
791 1168 889 1232 Troiae,

168 1241 284 1296 Hectoris
295 1241 447 1312 Aeneaeque
460 1257 541 1294 manu
550 1240 658 1296 victoria
669 1240 784 1296 Graium

114 1325 153 1368 290
168 1315 260 1379 haesit,
274 1323 299 1369 et
307 1315 335 1369 in
345 1314 476 1369 decimum
487 1315 597 1388 vestigia
607 1313 696 1369 retulit
705 1332 820 1371 annum.

168 1389 255 1443 Ambo
268 1389 373 1453 animis,
385 1389 463 1443 ambo
472 1389 591 1462 insigues
599 1390 798 1460 praestantibus
806 1391 896 1456 namu,

168 1464 212 1516 hic
222 1464 315 1533 pietate
323 1464 403 1534 prior.
433 1463 530 1518 Co'essant
540 1464 567 1518 in
578 1463 678 1517 foedera
688 1463 807 1530 dextrae,

168 1554 221 1607 qua
232 1536 321 1592 datur:
342 1545 389 1603 ast,
403 1539 483 1591 armis
492 1545 738 1602 concurrentum,
751 1548 848 1594 cavete

168 1611 202 1665 Et
214 1627 339 1681 responsa
349 1611 428 1665 simul
440 1629 508 1683 quae
517 1613 578 1677 sint,
592 1629 638 1666 rex
650 1612 759 1683 optime,
775 1614 846 1688 regis

115 1694 153 1737 att
168 1684 275 1750 audisti,
287 1692 313 1738 et
322 1702 390 1756 quae
400 1687 434 1740 sit
442 1703 539 1759 magno
548 1687 675 1741 sententia
683 1686 763 1742 bello.

206 1759 258 1813 Vix
268 1775 297 1812 ea
308 1758 398 1832 legati3
420 1761 564 1832 variusque
572 1777 619 1832 per
629 1777 675 1815 cra
684 1762 803 1816 cucurrit

168 1832 334 1888 Ausonidum
344 1833 446 1888 turbata
456 1834 563 1890 fremor:
583 1851 641 1899 eeu,
654 1845 868 1892 saxamorantur

169 1924 254 1979 quum
265 1907 369 1977 rapidos
379 1925 478 1974 amnes,
493 1909 523 1963 fit
530 1909 619 1964 clauso
627 1910 734 1983 gurgite
742 1928 877 1974 murmur,

169 1982 322 2053 vicinaeque
331 1981 446 2037 fremunt
458 1985 529 2054 ripae
537 1984 726 2054 crepitantibus
735 1985 829 2041 undis

117 2066 155 2108 aaa
170 2056 204 2111 Ut
213 2057 331 2128 primum
341 2055 434 2128 placati
447 2058 538 2121 animi,
550 2065 575 2113 et
583 2056 683 2129 trepida
692 2075 739 2114 ora
748 2060 881 2132 quierunt,

170 2129 300 2201 praelatus
310 2131 385 2185 divos
395 2130 460 2186 solio
473 2148 519 2186 rex
529 2133 588 2187 inllt
598 2132 631 2186 ab
641 2131 707 2187 alto:

207 2205 273 2258 Ante
282 2205 404 2277 equidem
414 2223 519 2260 summa
528 2206 561 2260 de
571 2223 599 2261 re
611 2207 744 2272 statuisse,
757 2207 855 2273 Latini,

170 2286 195 2331 et
204 2277 308 2343 vellem,
322 2288 346 2333 et
356 2278 438 2334 luerat
448 2279 557 2350 melius;
578 2297 632 2335 non
643 2288 764 2352 tempore
771 2281 820 2337 tali

169 2368 261 2423 eogere
270 2353 419 2419 concilium,
434 2371 518 2426 quum
529 2372 619 2409 mures
629 2355 726 2411 assidet
735 2356 831 2411 hostis.

117 2435 155 2479 toa
169 2425 272 2481 Bellum
284 2426 479 2497 importunum,
490 2429 571 2494 cives,
583 2446 644 2485 carm
654 2437 733 2503 gente
742 2432 853 2486 deorum

171 2499 330 2572 invictisque
339 2502 404 2555 viris
413 2503 544 2575 gerimus:
565 2520 632 2575 quos
643 2503 718 2559 nulla
730 2504 843 2580 fatigant

168 2573 278 2652 proella,
290 2591 339 2632 nec
346 2576 412 2632 viati
419 2584 529 2650 possunt
537 2578 662 2633 absistere
671 2578 748 2633 ferro.

163 2655 261 2733 Spem,
273 2655 301 2714 si
310 2672 398 2732 quam
406 2652 514 2711 anseius
524 2650 818 2706 laetelumndsitsds'm
822 2654 899 2713 arania
