1846 3052
171 166 201 219 {2
336 170 364 214 P.
385 165 556 213 VIRGILII
573 166 747 213 MARONIS

168 271 222 326 Nec
231 269 318 323 varios
328 267 410 322 discet
419 267 525 322 mentiri
534 265 594 320 lane
604 265 715 322 colores:

169 345 225 416 ipse
234 343 281 398 sed
291 344 319 398 in
328 343 411 415 pratis
420 343 487 398 eries
497 342 550 396 iem
560 358 642 395 suave
651 342 757 397 rubenti

169 419 278 485 murice,
291 419 345 472 iam
354 433 442 472 croceo
451 416 565 471 mutabit
573 415 669 471 vellere
679 415 746 485 lut03

72 510 96 535 r
116 501 142 548 ie
167 500 260 565 sponte
269 509 318 548 sue
326 492 432 566 sandyx
440 498 575 563 pascentes
585 491 677 546 vestiet
687 508 779 564 egnes.

170 569 243 623 Telie
252 567 345 632 suecia,
357 567 414 622 suis
423 566 556 630 dixerunt,
568 565 673 630 currite,
683 565 751 620 fusis

170 643 309 698 concordes
319 641 407 697 stabili
417 641 531 696 fatorum
541 640 651 695 numine
660 641 764 695 Parcae.

170 717 320 792 Adgredere
328 734 345 773 ο
353 733 464 788 magnes
474 715 565 789 (aderit
577 715 630 769 iam
638 714 752 788 tempus)
762 714 855 770 honore

171 810 230 848 care
239 792 318 848 desim
327 790 442 854 suboles,
454 806 583 863 magnum
593 790 663 844 lovis
673 789 855 845 incrementun

117 879 142 920 50
168 867 281 939 Adspice
290 882 407 922 convexo
417 872 552 920 nutantem
562 864 677 936 pondere
686 864 829 931 mundum,

171 950 313 1013 terrasque,
320 947 472 1011 tractusque
479 940 569 1003 maris,
576 939 732 1011 coelumque
741 938 855 1010 profund

172 1015 285 1087 adspice,
298 1022 409 1071 venturo
421 1013 550 1069 laetantur
558 1022 588 1069 ut
597 1015 686 1068 omnia
696 1013 791 1071 saeclo.

173 1089 273 1146 Omihi
282 1097 335 1145 tarn
346 1089 440 1162 longae
448 1096 553 1143 maneat
565 1106 625 1160 pars
634 1087 728 1143 ultima
738 1089 816 1154 vitae,

172 1164 282 1236 spiritus
291 1171 325 1229 et,
337 1170 468 1236 qnantum
477 1170 518 1218 snt
529 1164 577 1218 erit
588 1171 632 1217 tua
643 1163 728 1218 dicere
737 1162 810 1218 fecte.

119 1252 143 1293 55
169 1241 227 1294 Non
238 1256 281 1293 me
289 1237 453 1294 carminibus
462 1237 550 1292 vincet
559 1255 607 1292 nec
619 1238 746 1292 Thracius
756 1237 855 1310 Orphei

174 1331 222 1369 nec
230 1313 328 1384 Linus;
350 1312 414 1370 huic
422 1319 505 1368 mater
514 1313 638 1385 quamvis
648 1319 727 1384 atque
736 1312 800 1367 huic
809 1321 855 1385 pec

611 1387 693 1442 adsit:
702 1395 710 1456 Ι

173 1462 272 1534 Orphei
281 1461 421 1534 Calliopea,
433 1461 500 1517 Line
508 1460 639 1517 formosus
648 1460 752 1532 Apollo.

173 1538 228 1592 Pan
238 1537 326 1602 etiam,
338 1535 449 1591 Arcadia
458 1552 563 1591 meeum
573 1538 596 1590 si
606 1536 692 1591 iudice
700 1543 787 1600 certet,

174 1612 229 1666 Pan
239 1612 317 1666 ctiam
327 1609 438 1666 Areada
446 1609 516 1665 dicat
525 1627 554 1665 se
563 1610 650 1666 iudice
658 1611 767 1666 victum.

120 1698 145 1740 50
171 1685 268 1756 Incipe,
281 1701 362 1756 parve
371 1700 447 1756 puer,
456 1682 513 1739 risu
522 1701 679 1758 cognoscere
688 1693 813 1741 matrem:

174 1760 252 1817 matri
262 1759 340 1833 longa
349 1758 438 1814 decem
448 1758 567 1814 tulerunt
575 1758 679 1815 fastidia
688 1777 801 1815 menses.

175 1834 273 1905 Incipe,
287 1851 368 1904 parve
375 1850 456 1905 puer:
475 1833 519 1888 cui
530 1851 583 1890 non
593 1835 673 1889 risere
681 1845 812 1906 parentes,

174 1925 223 1964 nec
231 1907 297 1964 deus
306 1908 379 1965 hunc
387 1925 489 1975 menen,
499 1908 548 1964 dee
558 1925 606 1964 nec
615 1909 722 1983 dignata
730 1910 812 1965 cubili
823 1925 855 1965 es:

434 2049 659 2079 ..ψ-

356 2203 738 2260 DAPHNIQ

429 2315 665 2363 ncLOGAV.

326 2412 567 2457 nnnnncnn
597 2412 773 2457 norece

176 2521 224 2559 nn.
245 2494 306 2559 Cur
319 2519 386 2571 nen,
406 2505 505 2576 Mopse,
525 2504 589 2560 boni
603 2504 730 2635 ᾳιιοιέἱαω
748 2507 855 2561 conveni

459 2630 464 2643 ,
616 2597 658 2635 ern

177 2661 206 2708 tu
215 2653 329 2710 calamos
338 2652 429 2710 inflare
439 2629 518 2720 lives,
531 2671 580 2730 ego
589 2653 675 2710 dicere
684 2671 786 2720 versus,
