1846 3052
154 154 187 208 80
318 161 349 206 Ρ.
368 157 541 205 VIRGILII
557 156 733 204 MARONIS

154 276 274 323 munera,
286 275 341 313 non
350 257 403 312 illis
412 256 505 328 epulae
514 273 626 311 nocuere
637 265 770 328 repostae:

154 333 293 388 frondibus
303 341 329 387 et
337 333 410 387 victu
418 338 564 404 pascuntur
573 330 703 402 simplicis
712 332 813 390 herbae

69 457 72 461 .
155 406 248 479 poeula
258 414 322 462 sunt
331 405 415 462 fontes
425 406 531 479 liquidi,
546 412 625 477 atque
635 408 747 461 exercita
756 424 820 464 eura

101 493 140 535 53⁰
154 481 278 549 flumina;
300 499 348 536 nec
357 498 475 536 sommos
485 481 620 551 abrumpit
628 497 692 535 cura
701 481 820 538 salubres

156 558 283 629 Tempore
292 573 345 611 non
357 555 409 610 alio
418 556 511 610 dicunt
519 555 674 628 regionibus
683 555 738 610 illis

155 633 288 704 quaesitas
296 631 331 685 ed
340 648 413 685 saera
421 631 504 686 boves
513 630 632 696 Iunonis,
644 638 670 684 et
679 631 737 685 uris

155 706 303 778 imparibus
313 705 408 761 ductos
415 705 466 760 alta
476 705 510 760 ad
519 704 628 760 donaria
637 722 743 761 currus.

155 782 225 854 Ergo
238 798 314 854 aegre
322 781 413 835 rastris
422 788 518 834 terram
528 780 668 844 rimantur,
679 788 704 835 et
716 780 782 851 ipsis

101 865 140 909 535
154 856 293 929 unguibus
303 854 437 910 infodiunt
445 854 545 927 fruges,
558 863 715 926 montesque
723 872 772 926 per
781 856 820 911 alt

154 939 274 985 contenta
283 931 384 985 oervioe
392 930 501 984 trahunt
509 929 646 984 stridentia
655 928 786 1000 plaustra.

155 1006 215 1059 Non
225 1003 306 1076 lupus
316 1004 427 1059 insidias
437 1003 555 1076 explorat
563 1003 644 1059 ovilia
654 1005 765 1069 circum,

155 1095 203 1134 uec
211 1079 338 1152 gregibus
348 1088 493 1134 nocturnus
502 1077 676 1147 obambulat3
691 1080 776 1134 acrior
785 1080 820 1135 ill

155 1153 330 1222 curadomat3
351 1153 439 1208 timidi
448 1153 542 1208 damae
550 1155 675 1226 servique
683 1151 792 1227 fugaces

102 1235 141 1282 545
156 1245 228 1284 nunc
237 1229 478 1301 interqueeaneset
488 1228 588 1283 simum
597 1236 661 1284 terta
671 1236 812 1302 vagantur.

155 1306 211 1360 Iam
220 1304 302 1360 maris
311 1303 436 1359 immensi
444 1302 556 1376 prolem,
567 1311 594 1359 et
600 1320 687 1377 genus
695 1319 776 1360 omne
785 1322 820 1361 na

648 1385 717 1443 tum,

155 1453 231 1507 litore
239 1454 267 1508 in
276 1461 404 1514 extremo.
415 1468 463 1508 eeu
473 1451 600 1525 naufraga
610 1468 728 1522 aorpom,
739 1451 820 1509 fluctu

156 1526 266 1598 proluit;
288 1527 409 1583 insolitae
417 1522 525 1600 lugiunt
533 1527 562 1582 iu
572 1526 683 1582 flumina
692 1527 799 1599 phocae.

156 1601 246 1656 Interit
256 1610 281 1656 et
289 1602 379 1657 curvis
390 1600 488 1656 frustra
497 1601 604 1657 defensa
615 1601 722 1656 latebris

102 1683 141 1730 545
155 1677 255 1747 vipera,
266 1682 292 1730 et
301 1676 402 1730 attoniti
412 1677 534 1747 squamis
544 1676 709 1731 adstantibus
719 1677 812 1752 hydri.

156 1751 225 1823 Ipsis
234 1757 274 1804 est
284 1766 328 1804 aer
337 1750 433 1806 avibus
443 1768 496 1805 uon
507 1769 618 1823 aequus,
630 1759 656 1806 et
666 1750 727 1806 illae

157 1824 311 1897 praecipites
321 1823 373 1880 alta
384 1825 467 1880 vitam
476 1825 529 1880 sub
538 1826 610 1881 nube
620 1824 787 1898 relinquunt.

158 1900 290 1954 Praeterea
300 1899 354 1954 iam
363 1917 411 1954 nee
420 1901 517 1955 mutari
527 1899 626 1973 pabula
638 1900 724 1965 refert,

157 1975 343 2046 quaesitusque
351 1982 445 2029 nocent
454 1983 535 2042 artem
555 1992 657 2031 cessere
666 1975 799 2048 magistri,

103 2060 142 2102 550
157 2049 317 2123 Phillyrides
328 2049 436 2109 Chiron.
448 2050 698 2124 Amythaoniusque
707 2049 820 2123 Melamp

156 2123 255 2189 Saevit,
267 2132 292 2179 et
301 2126 328 2180 in
340 2124 425 2179 lucem
431 2125 530 2198 Stygiis
540 2125 637 2179 emissa
647 2125 763 2179 tenebris

158 2198 256 2270 pallida
266 2199 409 2271 Tisiphone
417 2200 523 2255 Morbos
531 2199 587 2273 agit
596 2207 655 2253 ente
664 2201 820 2271 Metumque

159 2275 241 2343 inque
250 2272 307 2328 dies
316 2274 425 2328 avidum
436 2290 549 2347 surgens
559 2283 638 2345 eaput
647 2273 726 2329 altius
734 2275 819 2332 effert.

157 2348 249 2404 Balatu
260 2365 384 2419 pecorum
393 2358 419 2403 et
428 2349 527 2404 crebris
538 2349 687 2423 mugitibus
695 2366 789 2405 amnes

105 2434 143 2477 555
158 2431 314 2494 arentesque
322 2433 417 2477 sonant
426 2424 508 2495 ripae,
520 2423 653 2495 collesque
660 2424 762 2495 supini.

160 2498 268 2568 iamque
276 2498 427 2553 catervatim
435 2499 481 2560 dat
489 2506 613 2572 stragem,
624 2508 704 2570 atque
711 2508 820 2573 aggerat

160 2573 188 2628 in
198 2571 311 2628 stabulis
320 2573 392 2644 turpi
402 2573 504 2645 dilapsa
513 2573 639 2630 cadavera
651 2573 726 2628 taho:

156 2647 242 2708 donec
250 2648 337 2708 humo
345 2656 432 2728 tegere
440 2665 469 2706 ne
478 2647 561 2707 loreis
571 2647 731 2705 abscondere
740 2647 819 2705 dison
