1846 3052
197 173 247 227 364
363 181 394 226 P.
414 174 774 224 v-1Rc1n11unn01t1s

197 279 359 334 Dardanium
371 277 486 342 Aenean,
498 291 680 349 generumque
688 273 838 341 adso'verit¹
854 293 883 334 ur

196 352 365 408 Praefodiunt
374 352 419 407 ulii
430 357 526 422 portas,
542 357 588 405 aut
597 367 661 405 saxa
671 349 806 421 sudesque

197 427 361 483 subvectant.
390 426 462 481 liello
471 426 516 480 dat
525 427 634 498 signum
643 440 722 479 rauca
730 430 873 482 cruentum

142 507 183 555 tto
197 501 318 556 buccina.
349 501 519 555 Tum'muros
531 499 602 554 varia
614 499 719 554 cinxere
727 515 825 554 corona

197 575 482 646 matronaepuerique;
503 583 578 630 vocat
586 573 660 628 labor
668 571 780 628 ultimus
790 589 883 631 omnes

197 651 313 705 Necnon
324 648 358 704 ad
366 649 496 721 templum
505 664 679 719 summasque
686 647 720 703 ad
729 647 847 704 Palladis
857 666 883 706 ar

197 723 356 779 subvehitur
365 723 808 796 magnamatrumreginacatervu,

198 796 374 865 donaferens3
396 798 525 868 iuxtaque
533 813 620 851 comes
629 797 741 851 Lavinia
749 797 838 871 virgo,

143 878 183 926 ltu
198 889 291 941 caussa
302 870 365 927 mali
375 871 451 936 tanti,
462 871 552 927 oculos
562 871 660 927 deiecta
670 870 787 926 decoros.

198 945 347 1002 Succedunt
356 953 460 1011 matres,
472 953 497 1001 et
507 944 636 1016 templum
646 952 704 1000 ture
713 954 859 1017 vaporant3

197 1029 224 1076 et
233 1028 344 1076 moestas
353 1020 405 1075 elto
415 1019 531 1075 fundunt
539 1020 572 1074 de
584 1019 676 1074 limine
685 1035 777 1075 voces:

197 1095 374 1167 Armipotens.
386 1112 491 1166 praeses
499 1093 571 1155 belli.
581 1094 697 1148 Tritonia
706 1094 795 1167 virgo,

195 1167 290 1242 frange
300 1187 381 1224 manu
391 1169 472 1224 telum
487 1168 596 1242 Phrygii
606 1168 754 1239 praedonis,
766 1176 794 1224 et
806 1169 883 1242 ipsun

142 1251 182 1298 485
196 1261 312 1315 pronum
320 1253 406 1299 sturm
416 1243 480 1306 solo,
492 1243 627 1314 portisque
635 1241 742 1298 effunde
751 1244 804 1298 sub
814 1244 883 1302 ultis.

198 1319 321 1392 Cingitur
330 1320 386 1389 ipse
395 1317 485 1373 furens
496 1318 613 1372 certatim
622 1317 650 1372 in
661 1316 759 1388 proelia
768 1318 883 1377 Turnus

198 1393 307 1463 lamque
317 1393 381 1447 adeo
389 1392 519 1447 Rutulum
531 1392 633 1447 thoraca
641 1391 754 1447 indutus
763 1395 841 1450 asnis

198 1466 320 1521 horrebat
331 1468 460 1539 squamis,
473 1483 602 1537 surasque
612 1466 754 1522 incluserat
761 1484 840 1534 auro,

197 1549 313 1612 tempora
323 1541 413 1595 nudus
424 1541 523 1609 adhuc;
543 1541 670 1613 laterique
679 1542 832 1599 accinxerat
840 1561 883 1601 ens

143 1623 183 1669 tun
197 1614 368 1688 fulgebatque
378 1616 429 1670 alta
439 1616 579 1672 decurrens
589 1633 685 1671 aureus
694 1633 767 1684 aroe3

198 1690 366 1760 exsultatque
377 1691 484 1755 animis,
496 1699 522 1746 et
531 1709 578 1763 spe
588 1692 640 1745 iarn
652 1692 780 1763 praecipit
789 1691 883 1751 husten

198 1763 285 1834 qualis
295 1763 342 1818 ubi
352 1765 472 1834 abruptis
484 1765 553 1839 fugit
562 1767 696 1837 praesepis
706 1765 806 1822 vinclis

198 1835 304 1892 tandem
315 1837 382 1892 liber
390 1855 486 1909 equus,
498 1857 643 1911 campoque
653 1841 752 1912 potitus
761 1850 863 1913 aperto,

198 1921 244 1967 aut
256 1911 300 1967 ille
310 1913 337 1967 in
347 1920 439 1984 pastus
450 1922 620 1986 armentaque
630 1915 712 1969 tendit
721 1933 866 1986 equarum,

144 1995 183 2040 tut
198 1995 244 2042 eut
253 1996 373 2042 assuetus
384 2005 468 2059 aquae
477 1988 599 2060 perfundi
610 1988 720 2044 flumine
729 1998 793 2046 noto

199 2062 302 2126 emicet,
315 2064 474 2135 arrectisque
484 2062 571 2118 fremit
581 2064 728 2118 corvicibus
737 2064 790 2119 ulte

198 2135 351 2201 luxurians,
372 2135 521 2209 luduntque
531 2138 608 2192 iubae
619 2155 664 2209 per
673 2137 749 2203 oolla,
762 2155 812 2210 per
822 2158 883 2197 armi

199 2209 284 2264 Obvia
294 2212 346 2276 cui,
358 2210 512 2266 Volscorurn
523 2212 576 2266 acie
586 2213 733 2277 comitante,
746 2213 861 2270 Camilla

198 2285 319 2349 occurrit,
330 2287 465 2358 portisque
475 2287 508 2341 ab
518 2303 587 2357 equo
595 2287 685 2359 regina
698 2287 750 2342 sub
761 2288 828 2358 ipsis

145 2369 183 2418 tou
198 2358 318 2426 desiluit;
340 2376 421 2430 quarn
432 2369 484 2415 tota
493 2360 586 2415 cohors
595 2361 694 2415 imitata
704 2360 804 2418 relictis

200 2433 233 2487 ad
243 2440 338 2487 terram
348 2432 458 2488 defluxit
467 2435 557 2506 equis;
579 2443 637 2490 tum
648 2435 706 2489 talia
716 2435 803 2494 fatur:

200 2509 301 2571 Turne,
323 2508 366 2561 sui
376 2510 469 2563 merito
478 2511 501 2563 si
511 2527 564 2581 qua
574 2509 718 2564 astfrducie
727 2509 799 2576 forti,

197 2584 284 2642 audeo
293 2591 318 2641 et
329 2582 612 2654 Aeneadumpronritto
619 2601 754 2640 occurrere
761 2592 879 2655 turmae,

195 2663 314 2740 solaque
323 2660 483 2740 Tyrrhenos
491 2658 643 2730 equites'uc
649 2657 833 2711 obstrusum„

79 2790 154 2832 h..
