1846 3052
152 143 200 196 tto
311 149 340 194 P.
360 144 531 216 vrucrnrr
548 143 721 190 naucum

150 250 175 302 si
184 266 237 320 qua
247 246 298 301 iata
307 247 405 310 sinant,
417 246 469 300 iam
479 252 537 299 tum
546 243 682 314 tenditque
694 242 825 314 fovetque.

149 322 304 394 Progeniem
314 320 441 374 sedenim
451 317 726 392 Troianoasenguine
736 317 797 372 duci

95 406 122 450 2⁰
150 396 274 460 audierat,
286 395 380 468 Tyrias
389 394 452 448 elim
463 411 531 466 quae
540 399 649 448 verteret
657 409 743 460 arces;

150 470 214 524 hine
222 469 361 541 populum,
374 467 424 523 late
434 486 521 541 regem
530 467 653 538 belloque
663 467 818 538 superbum,

149 551 293 598 venturum
303 542 404 598 excidio
414 543 527 616 Libyae:
549 542 587 596 sic
596 541 701 596 volvere
711 544 814 599 Parcas.

150 618 180 673 ld
190 626 319 681 metuens,
334 617 482 688 veterisque
492 633 593 670 memor
602 615 723 671 Saturnia
732 615 806 682 belli,

149 693 236 764 prima
246 691 318 763 quod
328 692 362 746 ad
372 691 475 746 Troiam
486 708 534 762 pro
544 690 610 744 caris
620 698 735 762 gesserat
744 691 837 764 Argis:

95 778 121 821 25
150 783 198 822 nec
208 766 273 821 dum
283 767 361 820 etiam
370 782 478 820 caussae
488 765 587 819 irarum
598 766 723 836 saevique
737 764 840 821 dolores

150 841 300 896 exciderant
309 840 410 908 anim0;
432 847 521 894 manet
530 838 580 894 alta
591 847 678 892 mente
686 848 823 909 repostum

150 915 280 970 iudicium
291 914 401 980 Paridis,
414 921 569 985 spretaeque
580 914 677 967 iniuria
688 913 795 979 formae,

150 997 175 1043 et
183 1006 269 1062 genus
279 988 407 1053 invisum,
420 995 445 1042 et
454 988 522 1059 rapti
531 987 694 1061 Ganymedis
704 989 830 1044 honores:

149 1063 193 1116 his
203 1079 309 1118 accensa
318 1080 406 1133 super,
418 1063 524 1117 iactatos
534 1079 646 1134 aequore
656 1069 708 1117 toto

96 1148 122 1190 st
150 1138 240 1205 Troas,
252 1136 387 1208 relliquias
397 1138 517 1192 Danaum
526 1144 606 1208 atque
615 1137 725 1191 immitis
734 1136 841 1203 Achilli,

150 1213 253 1266 arcebat
261 1211 339 1284 longe
348 1211 435 1267 Latio:
456 1210 757 1283 multosqueperannos

148 1286 279 1352 errabant,
291 1286 340 1340 aeti
349 1285 418 1351 fatis,
430 1286 512 1340 maria
522 1286 611 1341 omnia
620 1285 729 1340 circum.

149 1363 247 1416 Tantae
257 1359 334 1415 molis
343 1368 397 1416 erat
406 1362 551 1415 Romanam
562 1359 672 1414 condere
680 1367 797 1432 gentem.

189 1436 412 1507 Vixeconspeetu
422 1435 525 1490 Siculae
535 1433 636 1488 telluris
646 1434 674 1488 in
684 1433 768 1488 altram

97 1519 123 1562 ts
150 1508 210 1565 vela
219 1509 317 1564 dabant
326 1509 385 1564 laeti
395 1517 420 1563 et
428 1527 538 1580 spumas
548 1508 612 1563 salis
621 1526 680 1563 aere
688 1508 815 1575 ruebant3

150 1600 236 1654 quum
251 1584 325 1647 Iunc,
342 1590 476 1638 aeternum
490 1600 599 1638 servans
613 1584 665 1637 sub
678 1590 780 1653 pectere
797 1582 854 1640 vul·

643 1675 703 1715 nus.

149 1731 328 1785 haecsecum:
348 1730 423 1784 Mene
433 1729 535 1800 incepto
544 1729 668 1784 desistere
678 1732 784 1794 victam,

151 1820 201 1859 nec
211 1821 290 1875 posse
298 1802 372 1859 ltalia
382 1804 543 1859 Teucrorum
552 1811 667 1860 avertere
677 1805 784 1879 regem?

56 1882 58 1887 '
151 1879 255 1949 Quippe
263 1886 336 1934 vetor
344 1877 412 1933 latis.
431 1878 552 1934 Pallasne
560 1896 670 1935 exurere
678 1879 790 1935 classem

97 1961 124 2007 te
151 1952 292 2026 Argivum,
302 1960 381 2025 atque
391 1953 462 2024 ipsos
475 1954 560 2025 potuit
568 1954 738 2026 submergere
747 1963 837 2027 ponte,

150 2029 232 2083 unius
243 2028 277 2083 ob
288 2046 386 2084 nexam
394 2036 419 2082 et
428 2027 510 2083 suriae
520 2028 606 2084 Aiacis
615 2027 700 2084 Oilei‘l

150 2103 218 2172 Ipsa,
231 2104 300 2158 lovis
310 2103 433 2175 rapidum
444 2103 553 2158 iaculata
563 2121 577 2158 e
587 2103 705 2158 nubibus
715 2103 816 2175 ignem,

150 2177 305 2248 disiecitque
317 2186 393 2243 rates,
405 2179 550 2249 evertitque
559 2195 672 2248 aequora
681 2178 782 2247 ventis,

44 2318 49 2325 .
68 2308 73 2316 ,
151 2250 238 2315 illum,
252 2253 429 2322 exspirantem
439 2251 818 2324 transfixopecterellammas‚

95 2330 123 2377 4⁵
151 2323 398 2396 turbinemrripuit‚
410 2326 571 2398 scopuloque
581 2327 763 2383 infixitacuto.

151 2397 200 2452 Ast
208 2415 265 2470 ego,
276 2416 345 2470 quae
353 2399 447 2455 divum
456 2401 548 2455 incedo
558 2402 657 2473 regina,
669 2403 794 2474 levisque

151 2479 176 2528 et
187 2480 294 2527 sereret
304 2474 410 2538 coniux,
422 2492 545 2529 unacum
555 2483 633 2548 gente
641 2483 678 2530 tet
687 2476 772 2531 annos

5 2558 30 2647 j
151 2545 301 2621 hellagero.
320 2548 355 2603 Et
363 2548 507 2620 quisquam
518 2565 617 2605 numen
627 2551 736 2606 Iunonis
746 2551 836 2608 adoret

143 2630 290 2695 praeterea,
302 2630 349 2683 aut
357 2622 471 2702 supplex
479 2623 532 2681 aris
541 2623 659 2698 imponat
668 2625 815 2684 honorem?
