1846 3052
138 158 188 231 aa
301 182 328 226 ι’.
348 178 519 227 vluemn
540 179 715 225 mauouss

136 281 184 336 sed
193 296 291 353 magno
300 279 428 344 intexens,
442 279 465 333 si
476 278 515 333 sas
524 284 564 333 est
572 277 667 343 dicere,
678 276 766 351 peplo,

137 354 227 427 qualis
235 353 387 409 Erechtheis
396 353 461 408 olim
470 360 588 426 portetur
597 352 719 418 Athenis,

137 429 224 485 debita
233 446 296 484 cum
305 435 389 483 castae
398 428 539 484 solvuntur
548 433 608 482 vota
619 428 763 492 Minervae,

135 503 243 559 tardeve
251 501 366 558 confecto
374 503 484 558 redeum
492 501 668 574 Quinquatria
678 501 772 567 lustro,

82 589 108 632 25
136 595 198 634 cum
209 576 781 653 levisalternoZephyrusconcrehuitEuro‚

137 661 162 709 et
170 669 253 724 prono
261 652 404 726 gravidum
415 651 536 725 provexit
545 650 788 723 ponderecursum.

136 727 213 783 Felix
222 727 267 782 ille
276 727 341 791 dies,
352 725 416 782 felix
424 735 449 782 et
457 726 554 782 dicitur
563 744 665 782 eunus:

137 800 234 868 felices,
246 802 294 874 qui
303 800 382 856 talem
392 819 494 856 annum
504 801 601 863 videre,
612 801 749 872 diemque.

136 878 207 951 Ergo
215 875 345 932 Palladiae
353 883 480 931 texuntur
489 875 518 931 in
527 876 618 930 ordine
626 892 748 948 pugnae:

83 962 108 1005 eo
137 969 234 1026 magna
246 950 382 1024 Giganteis
389 961 517 1006 ornantur
525 949 602 1022 pepla
611 950 739 1022 tropaeis3

132 1025 244 1081 horrida
254 1026 399 1100 sanguineo
408 1025 556 1099 pinguntur
565 1023 663 1096 proelia
672 1040 764 1093 ooooo;

132 1101 243 1168 concitur
255 1108 344 1156 aurata
354 1101 468 1155 deiectus
478 1099 587 1172 cuspide
596 1100 700 1173 Typho‚

77 1178 117 1221 395
132 1169 278 1247 talloprffls,
290 1175 395 1231 Ossaeis
404 1182 572 1230 constemens
583 1174 686 1229 aethera
697 1173 782 1237 saxis,

131 1251 260 1314 quemhio
273 1249 374 1305 celsum
383 1248 534 1321 duplicabat
542 1248 638 1305 vertice
646 1247 805 1324 Olympum.

131 1335 201 1378 θοοῦ
213 1326 280 1380 Deae
288 1324 378 1380 velum
388 1324 501 1380 solemni
511 1322 539 1379 in
549 1331 667 1396 tempore
677 1330 791 1395 portant.

130 1399 193 1454 etui
202 1407 227 1454 te
237 1398 340 1465 vellem,
352 1400 480 1455 iuvenum
490 1399 649 1464 doctissime,
663 1399 718 1453 ritu

130 1475 286 1546 oiurpureos
295 1477 363 1530 inter
375 1474 447 1530 Soles
457 1482 483 1529 et
491 1473 602 1530 candida
616 1474 709 1529 Lunae

76 1549 116 1594 ⁴⁰⁰
139 1549 233 1613 sidera,
245 1549 371 1605 caeruleis
380 1550 471 1605 orbem
482 1549 613 1621 pulsantia
621 1548 703 1622 bigis,

138 1630 246 1679 naturae
257 1641 346 1679 rarum
356 1625 461 1700 magnis
470 1625 586 1680 intexere
593 1624 708 1692 chartis3

85 1712 110 1752 eu
139 1706 273 1754 aeternum
282 1696 395 1770 Sophiae
403 1700 573 1755 coniunctum
581 1699 700 1754 carmine
712 1714 810 1754 nomen

140 1779 314 1828 nostratuum
325 1773 435 1829 senibus
444 1774 595 1848 loqueretur
602 1774 701 1847 pagina
712 1773 802 1829 seclis.

138 1848 848 1921 Sedquoniamadunusnunoprimumnascimuraru

138 1938 211 1978 nunc
218 1923 337 1994 primum
346 1929 447 1979 teneros
460 1924 598 1979 firmamus
608 1922 703 1978 robore
712 1940 826 1980 nervos:

138 1997 203 2053 haec
211 2004 298 2052 tamen
308 1998 413 2064 interea,
425 2016 493 2071 quae
503 2014 657 2071 possumus,
674 1999 704 2053 in
715 1999 818 2071 quihus
826 2014 848 2054 e<

85 2079 110 2124 45
139 2073 224 2144 prime
235 2071 384 2128 rudimenta
394 2080 420 2128 et
428 2075 529 2146 primos
538 2073 677 2146 exegimus
687 2089 785 2143 anuos,

140 2147 227 2218 accipe
236 2146 312 2212 dona,
322 2164 382 2202 meo
390 2148 507 2203 multum
516 2146 623 2222 vigilate
634 2147 736 2214 labore,

139 2229 165 2275 et
173 2222 318 2293 praemissa
326 2222 379 2277 tuis
389 2239 441 2278 uon
452 2240 547 2297 magna
556 2221 663 2278 exordia
677 2222 777 2278 rebus:

140 2295 222 2367 impia
232 2296 360 2369 prodigiis
370 2304 400 2353 ut
408 2299 543 2370 quondam
553 2297 679 2352 exterruit
688 2297 790 2370 amplis

140 2369 237 2442 Scylla,
252 2387 387 2443 novosque
397 2371 485 2427 avium
496 2371 620 2426 sublimis
631 2372 659 2426 in
670 2373 733 2427 aere
742 2381 831 2429 coetus

87 2456 112 2498 50
140 2443 249 2512 viderit3
270 2447 377 2500 ettenui
386 2447 563 2502 conscendens
573 2446 659 2501 sidere
667 2462 759 2517 penna

141 2519 267 2577 caeruleis
277 2537 325 2574 sua
334 2526 399 2576 tecta
408 2520 635 2594 supervolitaverit
644 2520 710 2590 alis3

141 2598 216 2658 hano
225 2615 274 2674 pro
285 2613 422 2672 uusuuieo
428 2613 542 2669 mesum
547 2595 668 2650 emissam
675 2595 784 2667 capillo,

142 2695 254 2757 proque
262 2674 352 2754 putris
360 2669 472 2731 soiueus
483 2667 783 2724 exusaiuuuuuem‘ue.
